2564 4422
427 321 534 376 bruna
550 321 736 382 susurrans.
769 296 774 304 '
806 291 807 296 ’
1069 327 1122 386 181
1188 334 1193 346 =

82 467 165 528 ulau
187 465 361 532 calamitate,
384 465 490 524 finibus
509 465 625 540 quidam
645 465 749 524 nostris
772 465 926 541 aliquando
945 483 1076 527 excesse-

80 558 162 616 runt,
176 556 259 619 atque
274 544 345 602 alias
365 554 456 602 terras
468 544 631 620 petierunt3
649 544 725 620 jura,
745 543 833 620 leges,
849 563 942 620 egres,
962 545 1076 604 liberta-

79 637 141 684 tem
159 623 244 682 nobis
264 623 457 697 reliquerunt:
479 623 606 682 Romani
625 621 692 680 verb
713 622 781 698 quid
794 634 896 699 petunt
917 623 1003 692 aliud,
1026 633 1077 684 aut

80 704 152 780 quid
165 702 274 774 volunt,
288 701 344 758 nisi
358 700 467 758 invidit
481 701 608 768 adducti,
622 720 692 776 quos
713 701 790 758 lamb
803 701 913 784 nobiles
933 713 1076 778 potentes·

81 802 138 860 que
149 781 225 840 bello
233 790 439 857 cognoverunt,
451 779 551 838 borum
560 779 591 837 in
602 779 678 856 agris
687 775 906 856 civitatibusque
914 782 1074 851 considere,
1100 785 1120 842 t

82 872 168 937 atque
182 860 228 918 bis
239 870 376 918 eternam
385 858 535 935 injungere
545 858 709 916 servitutem
721 860 733 915 l
754 860 935 934 nequeenim
948 879 1074 936 unquam

82 940 141 1002 uit
153 938 321 998 conditione
334 938 411 996 bella
427 947 585 1014 gesserunt.
626 936 717 1000 Quod
738 937 763 996 si
784 957 829 1006 en,
842 957 906 1013 qum
920 938 949 994 in
962 938 1075 1016 longin-

81 1019 147 1096 quis
166 1017 333 1080 nationibus
346 1028 494 1092 geruntur,
509 1015 662 1092 ignoratis3
683 1015 817 1092 respicite
837 1017 987 1076 finitimam
1007 1017 1076 1076 Gal-

81 1093 162 1165 liam,
176 1115 240 1172 quae
255 1095 285 1152 in
305 1094 486 1153 Provinciam
500 1095 627 1163 redacta,
638 1094 702 1170 jure
715 1106 745 1153 et
757 1095 870 1172 legibus
882 1097 1074 1164 commutatis,

82 1175 233 1234 securibus
246 1174 385 1250 subjecta,
400 1175 537 1250 perpetud
550 1174 686 1250 premitur
699 1174 852 1234 servitute!
1086 1174 1121 1234 10

123 1253 298 1312 LXXVIII.
341 1253 499 1312 Sententiis
509 1253 594 1312 dictis
604 1252 791 1321 constituunt,
800 1264 841 1322 ut,
851 1253 901 1330 qui
911 1253 1075 1312 valetudine

82 1345 133 1392 eut
153 1344 237 1391 atate
258 1331 373 1390 inutiles
389 1331 446 1390 rint
466 1333 550 1404 bello,
570 1333 675 1408 oppido
693 1333 855 1402 excedant3
877 1344 961 1408 atque
977 1332 1076 1391 omnia

81 1411 164 1504 priris
174 1411 366 1488 experiantur,
378 1409 464 1487 qudnr
479 1412 514 1469 ad
525 1411 687 1488 Critognati
697 1413 869 1470 sententiam
879 1413 1074 1470 descendant:

81 1492 132 1550 rllo
153 1501 250 1548 tamen
263 1487 358 1568 potins
372 1490 510 1549 utendum
524 1490 654 1557 consilio,
675 1490 699 1547 si
713 1510 759 1548 res
772 1502 858 1567 cogat
872 1501 955 1566 atque
969 1490 1076 1548 auinia

80 1580 242 1638 morentur,
265 1568 350 1644 qulam
374 1579 424 1626 aut
437 1568 590 1627 deditionis
609 1578 662 1628 'ant
675 1570 755 1644 pacis
776 1571 955 1628 subeundam
976 1568 1076 1628 condi·
1086 1573 1121 1628 15

80 1649 202 1708 tionem.
245 1647 405 1715 Mandubii,
427 1648 475 1723 qui
496 1666 545 1706 eos
564 1647 669 1723 oppido
688 1658 865 1723 receperant,
886 1667 954 1706 cum
977 1648 1075 1704 liberis

81 1738 169 1804 atque
192 1727 328 1785 uxoribus
350 1726 428 1785 exire
455 1737 604 1802 coguntur.
658 1726 708 1796 Hi,
731 1745 819 1801 quum
842 1727 1075 1783 admunitiones

81 1806 283 1865 Romanorum
306 1805 504 1878 accessissent,
523 1805 624 1862 flentes
643 1805 777 1863 omnibus
790 1805 923 1881 precibus
942 1805 1073 1872 orabant,

81 1896 113 1943 ut
140 1903 182 1953 se,
210 1885 240 1942 in
266 1885 431 1944 servitutem
457 1895 597 1960 receptos,
620 1883 687 1941 cibo
706 1884 847 1961 juvarent.
898 1883 939 1940 At
965 1882 1076 1951 Caesar,

81 1959 227 2040 dispositis
247 1963 277 2021 in
291 1963 364 2027 vallo
377 1964 525 2035 custodiis,
538 1964 627 2040 recipi
640 1963 817 2039 prohibebat.
1083 1965 1120 2021 ω
1185 2032 1190 2041 .

121 2042 266 2101 LXXIX.
309 2041 425 2101 Interea
451 2042 609 2110 Commius,
643 2056 673 2100 et
705 2042 805 2118 reliqui
839 2043 937 2109 duces,
970 2039 1074 2116 quibus

81 2140 195 2180 summa
208 2121 320 2198 imperii
333 2121 473 2197 permissa
485 2133 555 2189 crat,
567 2141 633 2179 curn
647 2122 780 2180 omnibus
793 2121 883 2197 copiis
898 2120 933 2178 ad
944 2119 1074 2177 Alesiam

80 2200 263 2276 perveniunt,
281 2212 310 2259 et
323 2200 395 2259 colle
416 2201 556 2259 exteriore
569 2211 720 2276 occupato,
734 2219 792 2259 non
812 2199 926 2278 longius
940 2199 972 2256 M
987 2197 1075 2274 passi·

82 2278 135 2338 bus
149 2279 305 2338 abnostris
324 2279 532 2338 munitionibus
545 2279 708 2338 considunt.
749 2281 866 2338 Postero
880 2281 933 2336 vdie
945 2279 1073 2354 equitatu

81 2375 116 2416 ex
138 2359 242 2416 castris
255 2359 370 2431 educto,
384 2377 499 2418 omnem
513 2377 577 2417 earn
598 2359 757 2434 planitiem,
771 2377 856 2434 quarn
870 2359 900 2415 in
920 2357 1074 2432 longitudi·
1083 2363 1121 2418 2⁵

82 2455 149 2494 nem
174 2437 222 2494 lII
243 2437 333 2506 millia
356 2437 491 2513 passuum
512 2449 609 2514 patere
632 2429 897 2504 demonstravimus,
918 2436 1073 2511 complent,

82 2517 284 2592 pedestresque
311 2516 410 2593 copias
434 2515 552 2593 paulum
587 2517 625 2574 ab
649 2535 685 2574 eo
710 2515 774 2572 loco
801 2515 912 2572 abditas
939 2513 968 2568 in
1002 2513 1074 2570 locis

82 2595 277 2671 superioribus
289 2595 475 2655 constituunt.
517 2595 587 2653 Erat
600 2615 636 2652 ex
646 2592 753 2670 'oppido
767 2593 867 2652 Alesia
879 2593 1031 2666 despectus
1042 2590 1073 2646 in

82 2691 225 2752 campum.
242 2694 248 2707 ·
268 2674 465 2742 Concurritur,
481 2674 530 2732 his
543 2673 659 2732 auxiliis
672 2672 758 2730 visis:
779 2671 811 2729 fit
830 2668 982 2746 gratulatio
999 2667 1073 2724 iuter

83 2769 140 2820 eos,
165 2763 250 2828 atque
274 2753 402 2810 omniurn
424 2752 513 2811 animi
535 2753 570 2810 ad
594 2752 721 2810 laetitiam
742 2750 912 2809 excitantur.
961 2747 1119 2822 Itaque,80

82 2831 229 2904 productis
238 2832 340 2908 copiis,
355 2843 421 2890 ante
435 2831 569 2908 oppidum
581 2830 744 2899 considunt,
759 2841 789 2888 et
800 2829 958 2905 proximum
970 2827 1072 2884 fossam

84 2909 209 2968 cratibus
223 2909 365 2992 integunt,
381 2921 465 2986 atque
484 2929 588 2987 aggere
601 2911 726 2987 explent,
739 2928 827 2984 seque
846 2909 882 2966 ad
895 2905 1073 2982 eruptionem

84 2997 166 3064 atque
178 3007 282 3058 omnes
295 3007 380 3046 casus
393 3001 568 3066 comparant
793 3003 794 3008 ’

121 3067 250 3124 LXXX.
293 3067 401 3137 Caesar,
426 3069 504 3127 omni
518 3067 647 3126 exercitu
662 3068 698 3126 ad
719 3078 868 3141 utramque
888 3075 998 3140 partem
1013 3079 1075 3119 rnu-

81 3144 223 3204 nitionum
249 3145 395 3221 disposito,
417 3158 457 3215 ut,
472 3149 496 3206 si
520 3167 588 3204 usus
602 3145 707 3214 veniat,
731 3164 815 3204 snum
837 3144 956 3220 quisque
979 3143 1120 3202 lucunas

80 3232 177 3282 teneat
190 3234 221 3282 et
235 3226 354 3292 noverit,
368 3226 525 3302 equitatum
544 3246 580 3284 ex
593 3225 695 3284 castris
707 3224 792 3283 educi
812 3235 842 3282 et
854 3222 983 3299 praelium
996 3237 1075 3276 corn-

79 3302 153 3362 mitti
164 3301 257 3380 jubet.
300 3303 371 3362 Erat
384 3324 420 3362 ex
440 3305 573 3363 omnibus
586 3304 697 3372 castris,
710 3321 774 3379 quan
787 3315 929 3360 summurn
948 3298 1074 3371 undique

74 3399 179 3456 Jugum
204 3383 353 3450 tenebant,
378 3385 548 3460 despectus3
570 3393 654 3462 atque
677 3382 805 3442 omniurn
827 3379 949 3436 militum
970 3377 1073 3434 intenti

77 3459 170 3518 animi
180 3479 287 3537 pugnae
296 3465 431 3519 eventum
445 3463 658 3538 exspectabant
699 3460 776 3518 Gelli
788 3459 863 3516 inter
873 3456 982 3532 equites
995 3473 1075 3513 raros
1094 3480 1096 3486 ·

74 3539 242 3614 sagittarios
256 3540 459 3616 expeditosque
473 3541 543 3598 levis
557 3551 707 3599 armaturea
728 3537 938 3614 interjecerant,
952 3534 1001 3610 qui
1015 3533 1075 3592 suis
1084 3543 1120 3598 tt)

73 3617 252 3676 cedentibus
264 3617 370 3676 anulio
378 3631 588 3687 succurrerent,
596 3629 792 3678 etnostrorum
800 3615 928 3691 equitum
936 3614 1075 3690 impetum

71 3695 266 3754 sustinerent.
308 3698 358 3754 Ab
371 3697 416 3755 his
465 3699 590 3774 mplures
603 3699 640 3755 de
660 3694 811 3770 improviso
824 3694 963 3752 vulnerati
977 3693 1076 3769 praelio

71 3775 271 3834 excedebant.
305 3775 408 3838 Quum
422 3797 436 3834 s
456 3795 488 3834 os
500 3793 605 3852 pugne
615 3774 848 3850 superioresesse
858 3771 937 3830 Galli
951 3772 1076 3830 confide

70 3865 153 3924 rent,
163 3863 195 3912 et
205 3864 320 3914 nostros
332 3854 423 3930 premi
430 3853 614 3913 multitudine
627 3853 776 3926 riderent3
795 3869 833 3912 ex
844 3851 978 3912 omnibus
990 3846 1075 3924 parti-
