<?xml version="1.0" encoding="UTF-8"?>
<!DOCTYPE html PUBLIC "-//W3C//DTD XHTML 1.0 Transitional//EN"
    "http://www.w3.org/TR/xhtml1/DTD/xhtml1-transitional.dtd">
<html xmlns="http://www.w3.org/1999/xhtml" xml:lang="en" lang="en">
 <head>
  <title>
</title>
<meta http-equiv="Content-Type" content="text/html;charset=utf-8" />
  <meta name='ocr-system' content='tesseract 3.04.00' />
  <meta name='ocr-capabilities' content='ocr_page ocr_carea ocr_par ocr_line ocrx_word'/>
</head>
<body>
  <div class='ocr_page' id='page_1' title='image "./commentariidebe00levegoog_0150.png"; bbox 0 0 2564 4422; ppageno 0'>
   <div class='ocr_carea' id='block_1_1' title="bbox 243 298 1132 422">
    <p class='ocr_par' dir='ltr' id='par_1_1' title="bbox 243 298 1132 422">
     <span class='ocr_line' id='line_1_1' title="bbox 243 298 1132 422; baseline 0.009 -24"><span class='ocrx_word' id='word_1_1' title='bbox 243 298 245 300; x_wconf 26' lang='lat'>⁵</span> <span class='ocrx_word' id='word_1_2' title='bbox 350 399 351 402; x_wconf 10' lang='grc' dir='ltr'><strong>ι</strong></span> <span class='ocrx_word' id='word_1_3' title='bbox 442 303 548 400; x_wconf 81' lang='lat' dir='ltr'><strong>marra</strong></span> <span class='ocrx_word' id='word_1_4' title='bbox 564 346 738 405; x_wconf 77' lang='lat' dir='ltr'><strong>uersam.</strong></span> <span class='ocrx_word' id='word_1_5' title='bbox 1076 361 1132 422; x_wconf 77' lang='lat'><strong>139</strong></span> 
     </span>
    </p>
   </div>
   <div class='ocr_carea' id='block_1_2' title="bbox 97 489 1127 1043">
    <p class='ocr_par' dir='ltr' id='par_1_2' title="bbox 97 489 1127 962">
     <span class='ocr_line' id='line_1_2' title="bbox 97 489 1083 570; baseline 0.009 -20"><span class='ocrx_word' id='word_1_6' title='bbox 97 509 165 550; x_wconf 73' lang='lat' dir='ltr'><strong>cun</strong></span> <span class='ocrx_word' id='word_1_7' title='bbox 179 489 272 550; x_wconf 88' lang='lat' dir='ltr'><strong>tribus</strong></span> <span class='ocrx_word' id='word_1_8' title='bbox 291 489 454 568; x_wconf 77' lang='lat' dir='ltr'>legionibus</span> <span class='ocrx_word' id='word_1_9' title='bbox 467 493 585 563; x_wconf 85' lang='lat' dir='ltr'><strong>veniret,</strong></span> <span class='ocrx_word' id='word_1_10' title='bbox 605 495 707 554; x_wconf 80' lang='lat' dir='ltr'><strong>offerre</strong></span> <span class='ocrx_word' id='word_1_11' title='bbox 721 513 752 554; x_wconf 85' lang='lat' dir='ltr'><strong>se</strong></span> <span class='ocrx_word' id='word_1_12' title='bbox 771 495 806 554; x_wconf 84' lang='lat' dir='ltr'><strong>ad</strong></span> <span class='ocrx_word' id='word_1_13' title='bbox 827 493 1083 570; x_wconf 67' lang='lat' dir='ltr'><strong>diminuamus</strong></span> 
     </span>
     <span class='ocr_line' id='line_1_3' title="bbox 98 569 1083 647; baseline 0.009 -19"><span class='ocrx_word' id='word_1_14' title='bbox 98 571 245 629; x_wconf 85' lang='lat' dir='ltr'><strong>miseriore</strong></span> <span class='ocrx_word' id='word_1_15' title='bbox 273 589 308 628; x_wconf 86' lang='lat' dir='ltr'><strong>ac</strong></span> <span class='ocrx_word' id='word_1_16' title='bbox 335 569 448 629; x_wconf 87' lang='lat' dir='ltr'><strong>duriore</strong></span> <span class='ocrx_word' id='word_1_17' title='bbox 471 581 569 647; x_wconf 89' lang='lat' dir='ltr'><strong>postea</strong></span> <span class='ocrx_word' id='word_1_18' title='bbox 594 573 758 632; x_wconf 88' lang='lat' dir='ltr'><strong>conditione</strong></span> <span class='ocrx_word' id='word_1_19' title='bbox 781 593 848 632; x_wconf 89' lang='lat' dir='ltr'><strong>cum</strong></span> <span class='ocrx_word' id='word_1_20' title='bbox 873 585 932 634; x_wconf 88' lang='lat' dir='ltr'><strong>toto</strong></span> <span class='ocrx_word' id='word_1_21' title='bbox 957 579 1083 636; x_wconf 86' lang='lat' dir='ltr'><strong>exercitu</strong></span> 
     </span>
     <span class='ocr_line' id='line_1_4' title="bbox 98 650 1084 729; baseline 0.009 -22"><span class='ocrx_word' id='word_1_22' title='bbox 98 650 247 708; x_wconf 85' lang='lat' dir='ltr'><strong>decertare</strong></span> <span class='ocrx_word' id='word_1_23' title='bbox 270 659 459 724; x_wconf 82' lang='lat' dir='ltr'><strong>cogerentur:</strong></span> <span class='ocrx_word' id='word_1_24' title='bbox 487 650 512 707; x_wconf 86' lang='lat' dir='ltr'><strong>si</strong></span> <span class='ocrx_word' id='word_1_25' title='bbox 535 651 657 728; x_wconf 88' lang='lat' dir='ltr'><strong>majores</strong></span> <span class='ocrx_word' id='word_1_26' title='bbox 677 653 774 729; x_wconf 89' lang='lat' dir='ltr'><strong>copias</strong></span> <span class='ocrx_word' id='word_1_27' title='bbox 795 663 901 729; x_wconf 86' lang='lat' dir='ltr'><strong>ageret,</strong></span> <span class='ocrx_word' id='word_1_28' title='bbox 915 653 945 711; x_wconf 89' lang='lat' dir='ltr'><strong>in</strong></span> <span class='ocrx_word' id='word_1_29' title='bbox 967 675 1001 714; x_wconf 90' lang='lat' dir='ltr'><strong>eo</strong></span> <span class='ocrx_word' id='word_1_30' title='bbox 1021 657 1084 716; x_wconf 91' lang='lat' dir='ltr'><strong>loco</strong></span> 
     </span>
     <span class='ocr_line' id='line_1_5' title="bbox 98 727 1084 810; baseline 0.01 -27"><span class='ocrx_word' id='word_1_31' title='bbox 98 745 278 804; x_wconf 84' lang='lat' dir='ltr'><strong>parmanere,</strong></span> <span class='ocrx_word' id='word_1_32' title='bbox 289 745 374 804; x_wconf 85' lang='lat' dir='ltr'><strong>quern</strong></span> <span class='ocrx_word' id='word_1_33' title='bbox 382 727 571 804; x_wconf 83' lang='lat' dir='ltr'><strong>delegissent3</strong></span> <span class='ocrx_word' id='word_1_34' title='bbox 592 730 774 806; x_wconf 80' lang='lat' dir='ltr'><strong>pabulatione</strong></span> <span class='ocrx_word' id='word_1_35' title='bbox 784 742 888 799; x_wconf 90' lang='lat' dir='ltr'><strong>autem,</strong></span> <span class='ocrx_word' id='word_1_36' title='bbox 898 751 961 808; x_wconf 78' lang='lat' dir='ltr'><strong>quae</strong></span> <span class='ocrx_word' id='word_1_37' title='bbox 971 745 1084 810; x_wconf 83' lang='lat' dir='ltr'><strong>propter</strong></span> 
     </span>
     <span class='ocr_line' id='line_1_6' title="bbox 100 803 1127 885; baseline 0.008 -23"><span class='ocrx_word' id='word_1_38' title='bbox 100 805 168 863; x_wconf 85' lang='lat' dir='ltr'><strong>anni</strong></span> <span class='ocrx_word' id='word_1_39' title='bbox 182 815 295 882; x_wconf 87' lang='lat' dir='ltr'><strong>tempus</strong></span> <span class='ocrx_word' id='word_1_40' title='bbox 308 803 377 863; x_wconf 79' lang='lat' dir='ltr'><strong>cum</strong></span> <span class='ocrx_word' id='word_1_41' title='bbox 386 805 499 882; x_wconf 82' lang='lat' dir='ltr'><strong>exigua,</strong></span> <span class='ocrx_word' id='word_1_42' title='bbox 512 818 571 865; x_wconf 93' lang='lat' dir='ltr'><strong>tum</strong></span> <span class='ocrx_word' id='word_1_43' title='bbox 582 807 701 885; x_wconf 80' lang='lat' dir='ltr'><strong>disjecta</strong></span> <span class='ocrx_word' id='word_1_44' title='bbox 714 817 798 879; x_wconf 87' lang='lat' dir='ltr'><strong>esset,</strong></span> <span class='ocrx_word' id='word_1_45' title='bbox 812 821 841 867; x_wconf 92' lang='lat' dir='ltr'><strong>et</strong></span> <span class='ocrx_word' id='word_1_46' title='bbox 854 809 1082 880; x_wconf 79' lang='lat' dir='ltr'><strong>frumentatione,</strong></span> <span class='ocrx_word' id='word_1_47' title='bbox 1110 819 1127 870; x_wconf 85' lang='lat'><strong>5</strong></span> 
     </span>
     <span class='ocr_line' id='line_1_7' title="bbox 99 884 928 962; baseline 0.007 -21"><span class='ocrx_word' id='word_1_48' title='bbox 99 894 127 941; x_wconf 90' lang='lat' dir='ltr'><strong>at</strong></span> <span class='ocrx_word' id='word_1_49' title='bbox 140 884 193 942; x_wconf 85' lang='lat' dir='ltr'><strong>reli</strong></span> <span class='ocrx_word' id='word_1_50' title='bbox 263 893 424 941; x_wconf 87' lang='lat' dir='ltr'><strong>commeatu</strong></span> <span class='ocrx_word' id='word_1_51' title='bbox 437 903 473 941; x_wconf 86' lang='lat' dir='ltr'><strong>ex</strong></span> <span class='ocrx_word' id='word_1_52' title='bbox 486 884 597 942; x_wconf 82' lang='lat' dir='ltr'><strong>insidiis</strong></span> <span class='ocrx_word' id='word_1_53' title='bbox 609 887 759 962; x_wconf 87' lang='lat' dir='ltr'><strong>prohibere</strong></span> <span class='ocrx_word' id='word_1_54' title='bbox 772 887 928 947; x_wconf 81' lang='lat' dir='ltr'><strong>Romanos.</strong></span> 
     </span>
    </p>

    <p class='ocr_par' dir='ltr' id='par_1_3' title="bbox 138 961 1084 1043">
     <span class='ocr_line' id='line_1_8' title="bbox 138 961 1084 1043; baseline 0.008 -25"><span class='ocrx_word' id='word_1_55' title='bbox 138 961 202 1019; x_wconf 82' lang='lat' dir='ltr'><strong>VII</strong></span> <span class='ocrx_word' id='word_1_56' title='bbox 221 1002 228 1017; x_wconf 92' lang='lat'><strong>.</strong></span> <span class='ocrx_word' id='word_1_57' title='bbox 268 961 347 1023; x_wconf 77' lang='lat' dir='ltr'><strong>Quae</strong></span> <span class='ocrx_word' id='word_1_58' title='bbox 355 961 462 1030; x_wconf 73' lang='lat' dir='ltr'><strong>Cesar,</strong></span> <span class='ocrx_word' id='word_1_59' title='bbox 474 964 718 1023; x_wconf 68' lang='lat' dir='ltr'><strong>consentientibus</strong></span> <span class='ocrx_word' id='word_1_60' title='bbox 730 966 867 1041; x_wconf 89' lang='lat' dir='ltr'><strong>pluribus,</strong></span> <span class='ocrx_word' id='word_1_61' title='bbox 878 985 965 1041; x_wconf 89' lang='lat' dir='ltr'><strong>quum</strong></span> <span class='ocrx_word' id='word_1_62' title='bbox 979 985 1084 1043; x_wconf 80' lang='lat' dir='ltr'><strong>cogno·</strong></span> 
     </span>
    </p>
   </div>
   <div class='ocr_carea' id='block_1_3' title="bbox 100 1041 1274 1123">
    <p class='ocr_par' dir='ltr' id='par_1_4' title="bbox 100 1041 1274 1123">
     <span class='ocr_line' id='line_1_9' title="bbox 100 1041 1274 1123; baseline 0.005 -25"><span class='ocrx_word' id='word_1_63' title='bbox 100 1041 196 1108; x_wconf 85' lang='lat' dir='ltr'><strong>visset,</strong></span> <span class='ocrx_word' id='word_1_64' title='bbox 220 1049 305 1115; x_wconf 83' lang='lat' dir='ltr'><strong>atque</strong></span> <span class='ocrx_word' id='word_1_65' title='bbox 328 1057 373 1108; x_wconf 85' lang='lat' dir='ltr'><strong>ea,</strong></span> <span class='ocrx_word' id='word_1_66' title='bbox 387 1059 450 1115; x_wconf 75' lang='lat' dir='ltr'><strong>quac</strong></span> <span class='ocrx_word' id='word_1_67' title='bbox 472 1053 705 1117; x_wconf 84' lang='lat' dir='ltr'><strong>proponerentur,</strong></span> <span class='ocrx_word' id='word_1_68' title='bbox 720 1044 839 1102; x_wconf 87' lang='lat' dir='ltr'><strong>consilia</strong></span> <span class='ocrx_word' id='word_1_69' title='bbox 858 1046 944 1122; x_wconf 89' lang='lat' dir='ltr'><strong>plena</strong></span> <span class='ocrx_word' id='word_1_70' title='bbox 962 1045 1085 1123; x_wconf 89' lang='lat' dir='ltr'><strong>prudeu·</strong></span> <span class='ocrx_word' id='word_1_71' title='bbox 1189 1073 1197 1090; x_wconf 87' lang='lat'><strong>·</strong></span> <span class='ocrx_word' id='word_1_72' title='bbox 1273 1063 1274 1072; x_wconf 59' lang='lat'>¹</span> 
     </span>
    </p>
   </div>
   <div class='ocr_carea' id='block_1_4' title="bbox 100 1117 1128 1587">
    <p class='ocr_par' dir='ltr' id='par_1_5' title="bbox 100 1117 1128 1587">
     <span class='ocr_line' id='line_1_10' title="bbox 100 1117 1082 1194; baseline 0.006 -18"><span class='ocrx_word' id='word_1_73' title='bbox 100 1118 158 1187; x_wconf 72' lang='lat' dir='ltr'><strong>tiae,</strong></span> <span class='ocrx_word' id='word_1_74' title='bbox 172 1117 316 1194; x_wconf 72' lang='lat' dir='ltr'><strong>longeque</strong></span> <span class='ocrx_word' id='word_1_75' title='bbox 330 1135 347 1175; x_wconf 90' lang='lat' dir='ltr'><strong>a</strong></span> <span class='ocrx_word' id='word_1_76' title='bbox 359 1118 517 1177; x_wconf 86' lang='lat' dir='ltr'><strong>temeritate</strong></span> <span class='ocrx_word' id='word_1_77' title='bbox 531 1120 714 1179; x_wconf 86' lang='lat' dir='ltr'><strong>barbarorum</strong></span> <span class='ocrx_word' id='word_1_78' title='bbox 727 1134 835 1181; x_wconf 88' lang='lat' dir='ltr'><strong>remota</strong></span> <span class='ocrx_word' id='word_1_79' title='bbox 848 1141 910 1180; x_wconf 85' lang='lat' dir='ltr'><strong>osse</strong></span> <span class='ocrx_word' id='word_1_80' title='bbox 926 1123 1082 1194; x_wconf 87' lang='lat' dir='ltr'><strong>&#39;udicaret;</strong></span> 
     </span>
     <span class='ocr_line' id='line_1_11' title="bbox 100 1196 1128 1276; baseline 0.005 -23"><span class='ocrx_word' id='word_1_81' title='bbox 100 1197 187 1259; x_wconf 75' lang='lat' dir='ltr'><strong>nebris</strong></span> <span class='ocrx_word' id='word_1_82' title='bbox 217 1196 352 1255; x_wconf 86' lang='lat' dir='ltr'><strong>omnibus</strong></span> <span class='ocrx_word' id='word_1_83' title='bbox 377 1197 588 1256; x_wconf 84' lang='lat' dir='ltr'><strong>inserviendum</strong></span> <span class='ocrx_word' id='word_1_84' title='bbox 615 1201 721 1268; x_wconf 78' lang='lat' dir='ltr'><strong>statuit,</strong></span> <span class='ocrx_word' id='word_1_85' title='bbox 746 1197 803 1276; x_wconf 87' lang='lat' dir='ltr'><strong>qud</strong></span> <span class='ocrx_word' id='word_1_86' title='bbox 830 1201 952 1260; x_wconf 89' lang='lat' dir='ltr'><strong>celerius</strong></span> <span class='ocrx_word' id='word_1_87' title='bbox 978 1203 1082 1270; x_wconf 85' lang='lat' dir='ltr'><strong>hostes,</strong></span> <span class='ocrx_word' id='word_1_88' title='bbox 1095 1206 1128 1259; x_wconf 87' lang='lat'><strong>1⁰</strong></span> 
     </span>
     <span class='ocr_line' id='line_1_12' title="bbox 100 1275 1084 1358; baseline 0.004 -26"><span class='ocrx_word' id='word_1_89' title='bbox 100 1275 265 1350; x_wconf 68' lang='lat' dir='ltr'><strong>contempti</strong></span> <span class='ocrx_word' id='word_1_90' title='bbox 278 1291 393 1332; x_wconf 81' lang='lat' dir='ltr'><strong>suorum</strong></span> <span class='ocrx_word' id='word_1_91' title='bbox 406 1276 558 1351; x_wconf 73' lang='lat' dir='ltr'><strong>paucitate,</strong></span> <span class='ocrx_word' id='word_1_92' title='bbox 572 1277 718 1354; x_wconf 88' lang='lat' dir='ltr'><strong>prodirent</strong></span> <span class='ocrx_word' id='word_1_93' title='bbox 738 1277 767 1336; x_wconf 93' lang='lat' dir='ltr'><strong>in</strong></span> <span class='ocrx_word' id='word_1_94' title='bbox 782 1279 883 1336; x_wconf 88' lang='lat' dir='ltr'><strong>aciem.</strong></span> <span class='ocrx_word' id='word_1_95' title='bbox 925 1279 1084 1358; x_wconf 84' lang='lat' dir='ltr'><strong>Singularis</strong></span> 
     </span>
     <span class='ocr_line' id='line_1_13' title="bbox 100 1353 1082 1432; baseline 0.006 -22"><span class='ocrx_word' id='word_1_96' title='bbox 100 1353 180 1410; x_wconf 83' lang='lat' dir='ltr'><strong>anim</strong></span> <span class='ocrx_word' id='word_1_97' title='bbox 199 1353 310 1410; x_wconf 84' lang='lat' dir='ltr'><strong>virtutis</strong></span> <span class='ocrx_word' id='word_1_98' title='bbox 328 1353 493 1412; x_wconf 82' lang='lat' dir='ltr'><strong>veterrimas</strong></span> <span class='ocrx_word' id='word_1_99' title='bbox 513 1353 640 1432; x_wconf 81' lang='lat' dir='ltr'><strong>legiones</strong></span> <span class='ocrx_word' id='word_1_100' title='bbox 652 1356 723 1426; x_wconf 85' lang='lat' dir='ltr'>VII,</span> <span class='ocrx_word' id='word_1_101' title='bbox 737 1356 815 1414; x_wconf 85' lang='lat' dir='ltr'>VIII</span> <span class='ocrx_word' id='word_1_102' title='bbox 828 1367 857 1415; x_wconf 88' lang='lat' dir='ltr'><strong>et</strong></span> <span class='ocrx_word' id='word_1_103' title='bbox 876 1356 923 1415; x_wconf 90' lang='lat' dir='ltr'>IX</span> <span class='ocrx_word' id='word_1_104' title='bbox 941 1358 1082 1428; x_wconf 88' lang='lat' dir='ltr'><strong>habebat;</strong></span> 
     </span>
     <span class='ocr_line' id='line_1_14' title="bbox 100 1430 1084 1514; baseline 0.009 -27"><span class='ocrx_word' id='word_1_105' title='bbox 100 1449 221 1488; x_wconf 77' lang='lat' dir='ltr'><strong>summae</strong></span> <span class='ocrx_word' id='word_1_106' title='bbox 247 1430 307 1506; x_wconf 88' lang='lat' dir='ltr'><strong>spei</strong></span> <span class='ocrx_word' id='word_1_107' title='bbox 333 1431 508 1508; x_wconf 75' lang='lat' dir='ltr'><strong>delectaeque</strong></span> <span class='ocrx_word' id='word_1_108' title='bbox 531 1433 687 1509; x_wconf 66' lang='lat' dir='ltr'><strong>jurentutis</strong></span> <span class='ocrx_word' id='word_1_109' title='bbox 719 1434 775 1503; x_wconf 92' lang='lat' dir='ltr'><strong>XI,</strong></span> <span class='ocrx_word' id='word_1_110' title='bbox 801 1455 874 1512; x_wconf 86' lang='lat' dir='ltr'><strong>quae,</strong></span> <span class='ocrx_word' id='word_1_111' title='bbox 901 1443 1002 1495; x_wconf 84' lang='lat' dir='ltr'><strong>octavo</strong></span> <span class='ocrx_word' id='word_1_112' title='bbox 1024 1436 1084 1514; x_wconf 86' lang='lat' dir='ltr'><strong>jum</strong></span> 
     </span>
     <span class='ocr_line' id='line_1_15' title="bbox 100 1507 1084 1587; baseline 0.006 -21"><span class='ocrx_word' id='word_1_113' title='bbox 100 1507 246 1585; x_wconf 86' lang='lat' dir='ltr'><strong>stipendio</strong></span> <span class='ocrx_word' id='word_1_114' title='bbox 255 1509 362 1578; x_wconf 73' lang='lat' dir='ltr'><strong>funem,</strong></span> <span class='ocrx_word' id='word_1_115' title='bbox 372 1521 470 1568; x_wconf 91' lang='lat' dir='ltr'><strong>tamen</strong></span> <span class='ocrx_word' id='word_1_116' title='bbox 481 1510 631 1569; x_wconf 88' lang='lat' dir='ltr'><strong>collatione</strong></span> <span class='ocrx_word' id='word_1_117' title='bbox 641 1513 811 1587; x_wconf 87' lang='lat' dir='ltr'><strong>reliquarum</strong></span> <span class='ocrx_word' id='word_1_118' title='bbox 822 1515 949 1572; x_wconf 90' lang='lat' dir='ltr'><strong>nondum</strong></span> <span class='ocrx_word' id='word_1_119' title='bbox 961 1515 1084 1574; x_wconf 88' lang='lat' dir='ltr'><strong>eandem</strong></span> 
     </span>
    </p>
   </div>
   <div class='ocr_carea' id='block_1_5' title="bbox 100 1585 1243 1666">
    <p class='ocr_par' dir='ltr' id='par_1_6' title="bbox 100 1585 1243 1666">
     <span class='ocr_line' id='line_1_16' title="bbox 100 1585 1243 1666; baseline 0.003 -23"><span class='ocrx_word' id='word_1_120' title='bbox 100 1585 252 1644; x_wconf 74' lang='lat' dir='ltr'><strong>temnetis</strong></span> <span class='ocrx_word' id='word_1_121' title='bbox 275 1605 308 1644; x_wconf 85' lang='lat' dir='ltr'><strong>ac</strong></span> <span class='ocrx_word' id='word_1_122' title='bbox 330 1587 441 1646; x_wconf 67' lang='lat' dir='ltr'><strong>intutis</strong></span> <span class='ocrx_word' id='word_1_123' title='bbox 466 1599 581 1664; x_wconf 80' lang='lat' dir='ltr'><strong>ceperat</strong></span> <span class='ocrx_word' id='word_1_124' title='bbox 603 1589 775 1666; x_wconf 89' lang='lat' dir='ltr'><strong>opinionem.</strong></span> <span class='ocrx_word' id='word_1_125' title='bbox 826 1589 937 1666; x_wconf 90' lang='lat' dir='ltr'><strong>Itaque,</strong></span> <span class='ocrx_word' id='word_1_126' title='bbox 962 1593 1084 1651; x_wconf 88' lang='lat' dir='ltr'><strong>concilio</strong></span> <span class='ocrx_word' id='word_1_127' title='bbox 1096 1597 1129 1648; x_wconf 85' lang='lat'><strong>15</strong></span> <span class='ocrx_word' id='word_1_128' title='bbox 1238 1633 1243 1640; x_wconf 92' lang='lat'><em>.</em></span> 
     </span>
    </p>
   </div>
   <div class='ocr_carea' id='block_1_6' title="bbox 83 1665 1154 3942">
    <p class='ocr_par' dir='ltr' id='par_1_7' title="bbox 83 1665 1154 3942">
     <span class='ocr_line' id='line_1_17' title="bbox 101 1665 1085 1744; baseline 0.003 -22"><span class='ocrx_word' id='word_1_129' title='bbox 101 1665 251 1732; x_wconf 80' lang='lat' dir='ltr'><strong>advocato,</strong></span> <span class='ocrx_word' id='word_1_130' title='bbox 265 1665 349 1723; x_wconf 82' lang='lat' dir='ltr'><strong>rebus</strong></span> <span class='ocrx_word' id='word_1_131' title='bbox 369 1665 414 1734; x_wconf 88' lang='lat' dir='ltr'><strong>iis,</strong></span> <span class='ocrx_word' id='word_1_132' title='bbox 428 1685 491 1741; x_wconf 80' lang='lat' dir='ltr'><strong>quoe</strong></span> <span class='ocrx_word' id='word_1_133' title='bbox 506 1668 541 1724; x_wconf 88' lang='lat' dir='ltr'><strong>ad</strong></span> <span class='ocrx_word' id='word_1_134' title='bbox 562 1686 593 1724; x_wconf 87' lang='lat' dir='ltr'><strong>se</strong></span> <span class='ocrx_word' id='word_1_135' title='bbox 614 1679 709 1724; x_wconf 88' lang='lat' dir='ltr'><strong>essent</strong></span> <span class='ocrx_word' id='word_1_136' title='bbox 729 1667 840 1738; x_wconf 78' lang='lat' dir='ltr'><strong>delate,</strong></span> <span class='ocrx_word' id='word_1_137' title='bbox 853 1668 985 1726; x_wconf 91' lang='lat' dir='ltr'><strong>omnibus</strong></span> <span class='ocrx_word' id='word_1_138' title='bbox 1002 1689 1085 1744; x_wconf 90' lang='lat' dir='ltr'><strong>expo-</strong></span> 
     </span>
     <span class='ocr_line' id='line_1_18' title="bbox 100 1743 1085 1811; baseline 0.003 -10"><span class='ocrx_word' id='word_1_139' title='bbox 100 1743 174 1811; x_wconf 84' lang='lat' dir='ltr'><strong>sitis,</strong></span> <span class='ocrx_word' id='word_1_140' title='bbox 196 1743 305 1801; x_wconf 82' lang='lat' dir='ltr'><strong>enimos</strong></span> <span class='ocrx_word' id='word_1_141' title='bbox 328 1744 517 1802; x_wconf 87' lang='lat' dir='ltr'><strong>multitudiuis</strong></span> <span class='ocrx_word' id='word_1_142' title='bbox 537 1744 693 1804; x_wconf 87' lang='lat' dir='ltr'><strong>confirmat.</strong></span> <span class='ocrx_word' id='word_1_143' title='bbox 735 1745 767 1802; x_wconf 86' lang='lat' dir='ltr'><strong>Si</strong></span> <span class='ocrx_word' id='word_1_144' title='bbox 789 1744 860 1802; x_wconf 75' lang='lat' dir='ltr'><strong>forte</strong></span> <span class='ocrx_word' id='word_1_145' title='bbox 882 1745 977 1803; x_wconf 87' lang='lat' dir='ltr'><strong>hostes</strong></span> <span class='ocrx_word' id='word_1_146' title='bbox 999 1745 1085 1804; x_wconf 88' lang='lat' dir='ltr'><strong>trium</strong></span> 
     </span>
     <span class='ocr_line' id='line_1_19' title="bbox 100 1821 1085 1900; baseline 0.002 -22"><span class='ocrx_word' id='word_1_147' title='bbox 100 1821 247 1898; x_wconf 78' lang='lat' dir='ltr'><strong>legionum</strong></span> <span class='ocrx_word' id='word_1_148' title='bbox 273 1841 393 1881; x_wconf 89' lang='lat' dir='ltr'><strong>numero</strong></span> <span class='ocrx_word' id='word_1_149' title='bbox 418 1834 516 1898; x_wconf 86' lang='lat' dir='ltr'><strong>posset</strong></span> <span class='ocrx_word' id='word_1_150' title='bbox 537 1823 642 1880; x_wconf 89' lang='lat' dir='ltr'><strong>elicere</strong></span> <span class='ocrx_word' id='word_1_151' title='bbox 668 1825 705 1882; x_wconf 93' lang='lat' dir='ltr'><strong>ad</strong></span> <span class='ocrx_word' id='word_1_152' title='bbox 731 1822 936 1892; x_wconf 90' lang='lat' dir='ltr'><strong>dimicandum,</strong></span> <span class='ocrx_word' id='word_1_153' title='bbox 964 1823 1085 1900; x_wconf 82' lang='lat' dir='ltr'><strong>agminis</strong></span> 
     </span>
     <span class='ocr_line' id='line_1_20' title="bbox 101 1899 1085 1978; baseline 0 -20"><span class='ocrx_word' id='word_1_154' title='bbox 101 1899 231 1958; x_wconf 86' lang='lat' dir='ltr'><strong>ordinem</strong></span> <span class='ocrx_word' id='word_1_155' title='bbox 255 1899 295 1958; x_wconf 89' lang='lat' dir='ltr'><strong>ita</strong></span> <span class='ocrx_word' id='word_1_156' title='bbox 308 1899 464 1968; x_wconf 88' lang='lat' dir='ltr'><strong>constituit,</strong></span> <span class='ocrx_word' id='word_1_157' title='bbox 485 1911 517 1958; x_wconf 92' lang='lat' dir='ltr'><strong>ut</strong></span> <span class='ocrx_word' id='word_1_158' title='bbox 539 1900 614 1978; x_wconf 87' lang='lat' dir='ltr'><strong>legio</strong></span> <span class='ocrx_word' id='word_1_159' title='bbox 633 1901 704 1970; x_wconf 91' lang='lat' dir='ltr'>VII,</span> <span class='ocrx_word' id='word_1_160' title='bbox 725 1901 813 1969; x_wconf 86' lang='lat' dir='ltr'>VIII,</span> <span class='ocrx_word' id='word_1_161' title='bbox 834 1900 881 1958; x_wconf 90' lang='lat' dir='ltr'>IX</span> <span class='ocrx_word' id='word_1_162' title='bbox 904 1913 969 1960; x_wconf 89' lang='lat' dir='ltr'><strong>ante</strong></span> <span class='ocrx_word' id='word_1_163' title='bbox 990 1901 1085 1959; x_wconf 86' lang='lat' dir='ltr'><strong>omnia</strong></span> 
     </span>
     <span class='ocr_line' id='line_1_21' title="bbox 102 1977 1130 2058; baseline 0.002 -23"><span class='ocrx_word' id='word_1_164' title='bbox 102 1977 176 2036; x_wconf 89' lang='lat' dir='ltr'><strong>irent</strong></span> <span class='ocrx_word' id='word_1_165' title='bbox 189 1977 394 2055; x_wconf 84' lang='lat' dir='ltr'><strong>impedimenta</strong></span> <span class='ocrx_word' id='word_1_166' title='bbox 405 1999 414 2048; x_wconf 82' lang='lat'>3</span> <span class='ocrx_word' id='word_1_167' title='bbox 435 1979 540 2037; x_wconf 87' lang='lat' dir='ltr'><strong>deinde</strong></span> <span class='ocrx_word' id='word_1_168' title='bbox 553 1980 681 2038; x_wconf 90' lang='lat' dir='ltr'><strong>omnium</strong></span> <span class='ocrx_word' id='word_1_169' title='bbox 700 1979 968 2056; x_wconf 86' lang='lat' dir='ltr'><strong>impedimentorum</strong></span> <span class='ocrx_word' id='word_1_170' title='bbox 982 1997 1085 2058; x_wconf 85' lang='lat' dir='ltr'><strong>agmen</strong></span> <span class='ocrx_word' id='word_1_171' title='bbox 1094 1981 1130 2036; x_wconf 71' lang='lat'><strong>20</strong></span> 
     </span>
     <span class='ocr_line' id='line_1_22' title="bbox 103 2055 1086 2136; baseline 0.004 -23"><span class='ocrx_word' id='word_1_172' title='bbox 103 2055 192 2133; x_wconf 86' lang='lat' dir='ltr'><strong>(quod</strong></span> <span class='ocrx_word' id='word_1_173' title='bbox 213 2067 310 2129; x_wconf 78' lang='lat' dir='ltr'><strong>tamen</strong></span> <span class='ocrx_word' id='word_1_174' title='bbox 330 2067 391 2115; x_wconf 85' lang='lat' dir='ltr'><strong>erat</strong></span> <span class='ocrx_word' id='word_1_175' title='bbox 414 2058 566 2129; x_wconf 89' lang='lat' dir='ltr'><strong>mediocre,</strong></span> <span class='ocrx_word' id='word_1_176' title='bbox 581 2069 613 2116; x_wconf 92' lang='lat' dir='ltr'><strong>ut</strong></span> <span class='ocrx_word' id='word_1_177' title='bbox 635 2058 665 2116; x_wconf 91' lang='lat' dir='ltr'><strong>in</strong></span> <span class='ocrx_word' id='word_1_178' title='bbox 686 2058 913 2136; x_wconf 87' lang='lat' dir='ltr'><strong>expeditionibus</strong></span> <span class='ocrx_word' id='word_1_179' title='bbox 933 2077 995 2117; x_wconf 87' lang='lat' dir='ltr'><strong>esse</strong></span> <span class='ocrx_word' id='word_1_180' title='bbox 1018 2077 1086 2117; x_wconf 88' lang='lat' dir='ltr'><strong>con-</strong></span> 
     </span>
     <span class='ocr_line' id='line_1_23' title="bbox 102 2133 1086 2216; baseline 0.003 -24"><span class='ocrx_word' id='word_1_181' title='bbox 102 2133 208 2214; x_wconf 81' lang='lat' dir='ltr'><strong>suevit)</strong></span> <span class='ocrx_word' id='word_1_182' title='bbox 231 2145 347 2211; x_wconf 83' lang='lat' dir='ltr'><strong>cogeret</strong></span> <span class='ocrx_word' id='word_1_183' title='bbox 372 2135 534 2205; x_wconf 87' lang='lat' dir='ltr'><strong>undecima,</strong></span> <span class='ocrx_word' id='word_1_184' title='bbox 562 2156 599 2194; x_wconf 88' lang='lat' dir='ltr'><strong>ne</strong></span> <span class='ocrx_word' id='word_1_185' title='bbox 625 2137 739 2215; x_wconf 88' lang='lat' dir='ltr'><strong>majoris</strong></span> <span class='ocrx_word' id='word_1_186' title='bbox 761 2137 951 2196; x_wconf 89' lang='lat' dir='ltr'><strong>multitudinis</strong></span> <span class='ocrx_word' id='word_1_187' title='bbox 977 2137 1086 2216; x_wconf 88' lang='lat' dir='ltr'><strong>species</strong></span> 
     </span>
     <span class='ocr_line' id='line_1_24' title="bbox 103 2212 1086 2293; baseline 0.002 -21"><span class='ocrx_word' id='word_1_188' title='bbox 103 2212 235 2272; x_wconf 88' lang='lat' dir='ltr'><strong>accidere</strong></span> <span class='ocrx_word' id='word_1_189' title='bbox 262 2213 390 2272; x_wconf 86' lang='lat' dir='ltr'><strong>hostibus</strong></span> <span class='ocrx_word' id='word_1_190' title='bbox 415 2225 518 2290; x_wconf 89' lang='lat' dir='ltr'><strong>posset,</strong></span> <span class='ocrx_word' id='word_1_191' title='bbox 544 2213 630 2290; x_wconf 77' lang='lat' dir='ltr'><strong>quim</strong></span> <span class='ocrx_word' id='word_1_192' title='bbox 650 2216 704 2292; x_wconf 91' lang='lat' dir='ltr'><strong>ipsi</strong></span> <span class='ocrx_word' id='word_1_193' title='bbox 727 2216 966 2293; x_wconf 73' lang='lat' dir='ltr'><strong>depoposcissent.</strong></span> <span class='ocrx_word' id='word_1_194' title='bbox 1020 2217 1086 2275; x_wconf 78' lang='lat' dir='ltr'><strong>Hbc</strong></span> 
     </span>
     <span class='ocr_line' id='line_1_25' title="bbox 102 2291 1085 2368; baseline 0.003 -18"><span class='ocrx_word' id='word_1_195' title='bbox 102 2291 212 2350; x_wconf 88' lang='lat' dir='ltr'><strong>ratione</strong></span> <span class='ocrx_word' id='word_1_196' title='bbox 220 2291 295 2368; x_wconf 73' lang='lat' dir='ltr'><strong>penti</strong></span> <span class='ocrx_word' id='word_1_197' title='bbox 303 2293 441 2368; x_wconf 88' lang='lat' dir='ltr'><strong>quadrato</strong></span> <span class='ocrx_word' id='word_1_198' title='bbox 449 2293 562 2368; x_wconf 84' lang='lat' dir='ltr'><strong>agmine</strong></span> <span class='ocrx_word' id='word_1_199' title='bbox 571 2293 749 2366; x_wconf 87' lang='lat' dir='ltr'><strong>instmcto‚in</strong></span> <span class='ocrx_word' id='word_1_200' title='bbox 760 2304 944 2368; x_wconf 85' lang='lat' dir='ltr'><strong>conspectum</strong></span> <span class='ocrx_word' id='word_1_201' title='bbox 952 2295 1085 2368; x_wconf 89' lang='lat' dir='ltr'><strong>hostium,</strong></span> 
     </span>
     <span class='ocr_line' id='line_1_26' title="bbox 102 2367 1130 2446; baseline 0.001 -19"><span class='ocrx_word' id='word_1_202' title='bbox 102 2367 226 2428; x_wconf 78' lang='lat' dir='ltr'><strong>celerius</strong></span> <span class='ocrx_word' id='word_1_203' title='bbox 238 2370 373 2446; x_wconf 87' lang='lat' dir='ltr'><strong>opinione</strong></span> <span class='ocrx_word' id='word_1_204' title='bbox 385 2389 493 2440; x_wconf 88' lang='lat' dir='ltr'><strong>eorum,</strong></span> <span class='ocrx_word' id='word_1_205' title='bbox 508 2370 665 2428; x_wconf 87' lang='lat' dir='ltr'><strong>exercitum</strong></span> <span class='ocrx_word' id='word_1_206' title='bbox 679 2369 804 2429; x_wconf 89' lang='lat' dir='ltr'><strong>adducit.</strong></span> <span class='ocrx_word' id='word_1_207' title='bbox 1095 2373 1130 2428; x_wconf 78' lang='lat'><strong>25</strong></span> 
     </span>
     <span class='ocr_line' id='line_1_27' title="bbox 141 2445 1086 2525; baseline 0.001 -20"><span class='ocrx_word' id='word_1_208' title='bbox 141 2445 197 2507; x_wconf 88' lang='lat' dir='ltr'>IX.</span> <span class='ocrx_word' id='word_1_209' title='bbox 238 2447 340 2510; x_wconf 76' lang='lat' dir='ltr'><strong>Quum</strong></span> <span class='ocrx_word' id='word_1_210' title='bbox 360 2448 477 2525; x_wconf 73' lang='lat' dir='ltr'><strong>repente</strong></span> <span class='ocrx_word' id='word_1_211' title='bbox 499 2449 651 2506; x_wconf 86' lang='lat' dir='ltr'><strong>instructas</strong></span> <span class='ocrx_word' id='word_1_212' title='bbox 672 2448 748 2506; x_wconf 84' lang='lat' dir='ltr'><strong>velut</strong></span> <span class='ocrx_word' id='word_1_213' title='bbox 769 2448 798 2505; x_wconf 89' lang='lat' dir='ltr'><strong>in</strong></span> <span class='ocrx_word' id='word_1_214' title='bbox 813 2446 875 2505; x_wconf 89' lang='lat' dir='ltr'><strong>acie</strong></span> <span class='ocrx_word' id='word_1_215' title='bbox 895 2459 974 2505; x_wconf 88' lang='lat' dir='ltr'><strong>certo</strong></span> <span class='ocrx_word' id='word_1_216' title='bbox 996 2450 1086 2524; x_wconf 85' lang='lat' dir='ltr'><strong>gradu</strong></span> 
     </span>
     <span class='ocr_line' id='line_1_28' title="bbox 101 2525 1086 2604; baseline -0.002 -20"><span class='ocrx_word' id='word_1_217' title='bbox 101 2527 231 2604; x_wconf 83' lang='lat' dir='ltr'><strong>legiones</strong></span> <span class='ocrx_word' id='word_1_218' title='bbox 252 2527 391 2584; x_wconf 90' lang='lat' dir='ltr'><strong>accedere</strong></span> <span class='ocrx_word' id='word_1_219' title='bbox 410 2527 486 2586; x_wconf 84' lang='lat' dir='ltr'><strong>Galli</strong></span> <span class='ocrx_word' id='word_1_220' title='bbox 500 2527 637 2604; x_wconf 83' lang='lat' dir='ltr'><strong>viderent,</strong></span> <span class='ocrx_word' id='word_1_221' title='bbox 651 2545 769 2602; x_wconf 89' lang='lat' dir='ltr'><strong>quorum</strong></span> <span class='ocrx_word' id='word_1_222' title='bbox 789 2536 871 2583; x_wconf 89' lang='lat' dir='ltr'><strong>erant</strong></span> <span class='ocrx_word' id='word_1_223' title='bbox 892 2525 927 2582; x_wconf 88' lang='lat' dir='ltr'><strong>ad</strong></span> <span class='ocrx_word' id='word_1_224' title='bbox 942 2525 1086 2582; x_wconf 83' lang='lat' dir='ltr'><strong>Caesarem</strong></span> 
     </span>
     <span class='ocr_line' id='line_1_29' title="bbox 102 2601 1086 2682; baseline -0.004 -20"><span class='ocrx_word' id='word_1_225' title='bbox 102 2606 188 2682; x_wconf 87' lang='lat' dir='ltr'><strong>plena</strong></span> <span class='ocrx_word' id='word_1_226' title='bbox 198 2605 313 2662; x_wconf 85' lang='lat' dir='ltr'><strong>fiduciae</strong></span> <span class='ocrx_word' id='word_1_227' title='bbox 324 2605 443 2663; x_wconf 87' lang='lat' dir='ltr'><strong>consilia</strong></span> <span class='ocrx_word' id='word_1_228' title='bbox 453 2605 571 2682; x_wconf 86' lang='lat' dir='ltr'><strong>perlata,</strong></span> <span class='ocrx_word' id='word_1_229' title='bbox 585 2605 643 2662; x_wconf 86' lang='lat' dir='ltr'><strong>sive</strong></span> <span class='ocrx_word' id='word_1_230' title='bbox 657 2603 821 2663; x_wconf 76' lang='lat' dir='ltr'><strong>certaminis</strong></span> <span class='ocrx_word' id='word_1_231' title='bbox 828 2601 964 2679; x_wconf 87' lang='lat' dir='ltr'><strong>periculo,</strong></span> <span class='ocrx_word' id='word_1_232' title='bbox 974 2601 1032 2658; x_wconf 87' lang='lat' dir='ltr'><strong>sire</strong></span> <span class='ocrx_word' id='word_1_233' title='bbox 1041 2621 1086 2658; x_wconf 90' lang='lat' dir='ltr'><strong>su·</strong></span> 
     </span>
     <span class='ocr_line' id='line_1_30' title="bbox 103 2680 1086 2760; baseline -0.004 -20"><span class='ocrx_word' id='word_1_234' title='bbox 103 2683 163 2742; x_wconf 94' lang='lat' dir='ltr'><strong>bito</strong></span> <span class='ocrx_word' id='word_1_235' title='bbox 177 2683 311 2751; x_wconf 83' lang='lat' dir='ltr'><strong>adventu,</strong></span> <span class='ocrx_word' id='word_1_236' title='bbox 323 2703 374 2740; x_wconf 88' lang='lat' dir='ltr'><strong>seu</strong></span> <span class='ocrx_word' id='word_1_237' title='bbox 382 2684 593 2760; x_wconf 79' lang='lat' dir='ltr'><strong>exspectatione</strong></span> <span class='ocrx_word' id='word_1_238' title='bbox 604 2683 692 2742; x_wconf 88' lang='lat' dir='ltr'><strong>nostri</strong></span> <span class='ocrx_word' id='word_1_239' title='bbox 702 2682 826 2750; x_wconf 85' lang='lat' dir='ltr'><strong>consilii,</strong></span> <span class='ocrx_word' id='word_1_240' title='bbox 835 2680 931 2757; x_wconf 86' lang='lat' dir='ltr'><strong>copias</strong></span> <span class='ocrx_word' id='word_1_241' title='bbox 944 2680 1086 2739; x_wconf 90' lang='lat' dir='ltr'><strong>instruunt</strong></span> 
     </span>
     <span class='ocr_line' id='line_1_31' title="bbox 83 2759 1131 2839; baseline -0.003 -21"><span class='ocrx_word' id='word_1_242' title='bbox 83 2778 85 2784; x_wconf 90' lang='lat'>·</span> <span class='ocrx_word' id='word_1_243' title='bbox 103 2779 153 2838; x_wconf 92' lang='lat' dir='ltr'><strong>pro</strong></span> <span class='ocrx_word' id='word_1_244' title='bbox 161 2761 274 2830; x_wconf 86' lang='lat' dir='ltr'><strong>castris,</strong></span> <span class='ocrx_word' id='word_1_245' title='bbox 285 2781 341 2819; x_wconf 90' lang='lat' dir='ltr'><strong>nec</strong></span> <span class='ocrx_word' id='word_1_246' title='bbox 354 2763 417 2820; x_wconf 87' lang='lat' dir='ltr'><strong>loco</strong></span> <span class='ocrx_word' id='word_1_247' title='bbox 425 2762 567 2839; x_wconf 90' lang='lat' dir='ltr'><strong>superiore</strong></span> <span class='ocrx_word' id='word_1_248' title='bbox 579 2763 730 2820; x_wconf 86' lang='lat' dir='ltr'><strong>decedunt.</strong></span> <span class='ocrx_word' id='word_1_249' title='bbox 772 2760 879 2829; x_wconf 73' lang='lat' dir='ltr'><strong>Caesar,</strong></span> <span class='ocrx_word' id='word_1_250' title='bbox 888 2760 941 2820; x_wconf 89' lang='lat' dir='ltr'><strong>etsi</strong></span> <span class='ocrx_word' id='word_1_251' title='bbox 950 2759 1086 2818; x_wconf 90' lang='lat' dir='ltr'><strong>dimicare</strong></span> <span class='ocrx_word' id='word_1_252' title='bbox 1095 2759 1131 2815; x_wconf 80' lang='lat'><strong>30</strong></span> 
     </span>
     <span class='ocr_line' id='line_1_32' title="bbox 103 2839 1086 2916; baseline -0.004 -18"><span class='ocrx_word' id='word_1_253' title='bbox 103 2851 259 2916; x_wconf 87' lang='lat' dir='ltr'><strong>optaverat,</strong></span> <span class='ocrx_word' id='word_1_254' title='bbox 283 2850 390 2913; x_wconf 85' lang='lat' dir='ltr'><strong>tamen,</strong></span> <span class='ocrx_word' id='word_1_255' title='bbox 414 2841 568 2899; x_wconf 88' lang='lat' dir='ltr'><strong>admiratus</strong></span> <span class='ocrx_word' id='word_1_256' title='bbox 587 2851 696 2900; x_wconf 89' lang='lat' dir='ltr'><strong>tantam</strong></span> <span class='ocrx_word' id='word_1_257' title='bbox 717 2839 927 2899; x_wconf 87' lang='lat' dir='ltr'><strong>multitudinem</strong></span> <span class='ocrx_word' id='word_1_258' title='bbox 953 2839 1086 2903; x_wconf 85' lang='lat' dir='ltr'><strong>hostium,</strong></span> 
     </span>
     <span class='ocr_line' id='line_1_33' title="bbox 104 2914 1087 2996; baseline -0.002 -22"><span class='ocrx_word' id='word_1_259' title='bbox 104 2918 176 2976; x_wconf 86' lang='lat' dir='ltr'><strong>valle</strong></span> <span class='ocrx_word' id='word_1_260' title='bbox 199 2917 372 2987; x_wconf 72' lang='lat' dir='ltr'><strong>intermissi,</strong></span> <span class='ocrx_word' id='word_1_261' title='bbox 393 2917 485 2996; x_wconf 82' lang='lat' dir='ltr'><strong>magis</strong></span> <span class='ocrx_word' id='word_1_262' title='bbox 505 2920 534 2977; x_wconf 89' lang='lat' dir='ltr'><strong>in</strong></span> <span class='ocrx_word' id='word_1_263' title='bbox 557 2919 733 2977; x_wconf 89' lang='lat' dir='ltr'><strong>altitudinem</strong></span> <span class='ocrx_word' id='word_1_264' title='bbox 758 2917 901 2993; x_wconf 70' lang='lat' dir='ltr'><strong>depressit,</strong></span> <span class='ocrx_word' id='word_1_265' title='bbox 922 2915 1006 2992; x_wconf 75' lang='lat' dir='ltr'><strong>quim</strong></span> <span class='ocrx_word' id='word_1_266' title='bbox 1030 2914 1087 2972; x_wconf 75' lang='lat' dir='ltr'><strong>late</strong></span> 
     </span>
     <span class='ocr_line' id='line_1_34' title="bbox 103 2993 1088 3074; baseline -0.005 -18"><span class='ocrx_word' id='word_1_267' title='bbox 103 3007 230 3073; x_wconf 83' lang='lat' dir='ltr'><strong>patente,</strong></span> <span class='ocrx_word' id='word_1_268' title='bbox 245 3011 339 3054; x_wconf 86' lang='lat' dir='ltr'><strong>castra</strong></span> <span class='ocrx_word' id='word_1_269' title='bbox 359 2998 460 3055; x_wconf 89' lang='lat' dir='ltr'><strong>castris</strong></span> <span class='ocrx_word' id='word_1_270' title='bbox 479 2997 603 3058; x_wconf 90' lang='lat' dir='ltr'><strong>hostium</strong></span> <span class='ocrx_word' id='word_1_271' title='bbox 624 2997 742 3055; x_wconf 84' lang='lat' dir='ltr'><strong>confert.</strong></span> <span class='ocrx_word' id='word_1_272' title='bbox 784 2995 857 3053; x_wconf 84' lang='lat' dir='ltr'><strong>Haec</strong></span> <span class='ocrx_word' id='word_1_273' title='bbox 880 2995 999 3074; x_wconf 90' lang='lat' dir='ltr'><strong>imperat</strong></span> <span class='ocrx_word' id='word_1_274' title='bbox 1016 2993 1088 3052; x_wconf 83' lang='lat' dir='ltr'><strong>vallo</strong></span> 
     </span>
     <span class='ocr_line' id='line_1_35' title="bbox 105 3073 1088 3163; baseline -0.001 -33"><span class='ocrx_word' id='word_1_275' title='bbox 105 3076 211 3163; x_wconf 89' lang='lat' dir='ltr'><strong>pedum</strong></span> <span class='ocrx_word' id='word_1_276' title='bbox 232 3073 295 3131; x_wconf 86' lang='lat' dir='ltr'><strong>XII</strong></span> <span class='ocrx_word' id='word_1_277' title='bbox 309 3075 424 3144; x_wconf 91' lang='lat' dir='ltr'><strong>muniri,</strong></span> <span class='ocrx_word' id='word_1_278' title='bbox 439 3076 642 3152; x_wconf 89' lang='lat' dir='ltr'><strong>loriculamque</strong></span> <span class='ocrx_word' id='word_1_279' title='bbox 662 3094 713 3152; x_wconf 90' lang='lat' dir='ltr'><strong>pro</strong></span> <span class='ocrx_word' id='word_1_280' title='bbox 726 3074 834 3132; x_wconf 85' lang='lat' dir='ltr'><strong>ratione</strong></span> <span class='ocrx_word' id='word_1_281' title='bbox 848 3073 910 3150; x_wconf 85' lang='lat' dir='ltr'><strong>ejus</strong></span> <span class='ocrx_word' id='word_1_282' title='bbox 932 3073 1088 3132; x_wconf 88' lang='lat' dir='ltr'><strong>altitudinis</strong></span> 
     </span>
     <span class='ocr_line' id='line_1_36' title="bbox 105 3149 1132 3231; baseline -0.006 -21"><span class='ocrx_word' id='word_1_283' title='bbox 105 3152 292 3222; x_wconf 77' lang='lat' dir='ltr'><strong>reaedificari3</strong></span> <span class='ocrx_word' id='word_1_284' title='bbox 313 3154 416 3212; x_wconf 83' lang='lat' dir='ltr'><strong>fossam</strong></span> <span class='ocrx_word' id='word_1_285' title='bbox 430 3154 574 3231; x_wconf 89' lang='lat' dir='ltr'><strong>duplicem</strong></span> <span class='ocrx_word' id='word_1_286' title='bbox 586 3155 692 3231; x_wconf 92' lang='lat' dir='ltr'><strong>pedum</strong></span> <span class='ocrx_word' id='word_1_287' title='bbox 702 3152 821 3230; x_wconf 72' lang='lat' dir='ltr'><strong>quinum</strong></span> <span class='ocrx_word' id='word_1_288' title='bbox 835 3152 941 3210; x_wconf 78' lang='lat' dir='ltr'><strong>dendm</strong></span> <span class='ocrx_word' id='word_1_289' title='bbox 954 3150 1089 3210; x_wconf 88' lang='lat' dir='ltr'><strong>lateribus</strong></span> <span class='ocrx_word' id='word_1_290' title='bbox 1098 3149 1132 3205; x_wconf 80' lang='lat'><strong>35</strong></span> 
     </span>
     <span class='ocr_line' id='line_1_37' title="bbox 104 3226 1089 3308; baseline -0.003 -21"><span class='ocrx_word' id='word_1_291' title='bbox 104 3231 223 3290; x_wconf 86' lang='lat' dir='ltr'><strong>directis</strong></span> <span class='ocrx_word' id='word_1_292' title='bbox 245 3231 376 3308; x_wconf 87' lang='lat' dir='ltr'><strong>deprimi,</strong></span> <span class='ocrx_word' id='word_1_293' title='bbox 395 3243 487 3290; x_wconf 88' lang='lat' dir='ltr'><strong>turres</strong></span> <span class='ocrx_word' id='word_1_294' title='bbox 510 3233 625 3290; x_wconf 88' lang='lat' dir='ltr'><strong>crebras</strong></span> <span class='ocrx_word' id='word_1_295' title='bbox 646 3232 764 3290; x_wconf 87' lang='lat' dir='ltr'><strong>excitari</strong></span> <span class='ocrx_word' id='word_1_296' title='bbox 786 3231 821 3290; x_wconf 87' lang='lat' dir='ltr'><strong>in·</strong></span> <span class='ocrx_word' id='word_1_297' title='bbox 841 3229 1019 3289; x_wconf 89' lang='lat' dir='ltr'><strong>altitudinem</strong></span> <span class='ocrx_word' id='word_1_298' title='bbox 1040 3226 1089 3285; x_wconf 94' lang='lat' dir='ltr'><strong>III</strong></span> 
     </span>
     <span class='ocr_line' id='line_1_38' title="bbox 104 3307 1089 3388; baseline -0.002 -21"><span class='ocrx_word' id='word_1_299' title='bbox 104 3309 306 3378; x_wconf 87' lang='lat' dir='ltr'><strong>tabulatorum,</strong></span> <span class='ocrx_word' id='word_1_300' title='bbox 316 3311 450 3388; x_wconf 86' lang='lat' dir='ltr'><strong>pontibus</strong></span> <span class='ocrx_word' id='word_1_301' title='bbox 463 3310 588 3388; x_wconf 85' lang='lat' dir='ltr'><strong>trajectis</strong></span> <span class='ocrx_word' id='word_1_302' title='bbox 598 3309 803 3386; x_wconf 87' lang='lat' dir='ltr'><strong>constratisque</strong></span> <span class='ocrx_word' id='word_1_303' title='bbox 814 3307 959 3384; x_wconf 84' lang='lat' dir='ltr'><strong>conjungi,</strong></span> <span class='ocrx_word' id='word_1_304' title='bbox 970 3323 1089 3382; x_wconf 89' lang='lat' dir='ltr'><strong>quorum</strong></span> 
     </span>
     <span class='ocr_line' id='line_1_39' title="bbox 105 3383 1154 3463; baseline -0.006 -17"><span class='ocrx_word' id='word_1_305' title='bbox 105 3388 213 3446; x_wconf 89' lang='lat' dir='ltr'><strong>frontes</strong></span> <span class='ocrx_word' id='word_1_306' title='bbox 235 3386 360 3447; x_wconf 79' lang='lat' dir='ltr'><strong>vimined</strong></span> <span class='ocrx_word' id='word_1_307' title='bbox 381 3389 500 3448; x_wconf 79' lang='lat' dir='ltr'><strong>loriculti</strong></span> <span class='ocrx_word' id='word_1_308' title='bbox 520 3388 707 3456; x_wconf 88' lang='lat' dir='ltr'><strong>munirentur,</strong></span> <span class='ocrx_word' id='word_1_309' title='bbox 729 3398 761 3446; x_wconf 91' lang='lat' dir='ltr'><strong>ut</strong></span> <span class='ocrx_word' id='word_1_310' title='bbox 779 3388 815 3445; x_wconf 90' lang='lat' dir='ltr'><strong>ab</strong></span> <span class='ocrx_word' id='word_1_311' title='bbox 834 3385 962 3444; x_wconf 89' lang='lat' dir='ltr'><strong>hostibus</strong></span> <span class='ocrx_word' id='word_1_312' title='bbox 981 3383 1089 3463; x_wconf 85' lang='lat' dir='ltr'><strong>duplici</strong></span> <span class='ocrx_word' id='word_1_313' title='bbox 1152 3431 1154 3440; x_wconf 78' lang='grc'>,</span> 
     </span>
     <span class='ocr_line' id='line_1_40' title="bbox 105 3465 1089 3544; baseline 0 -20"><span class='ocrx_word' id='word_1_314' title='bbox 105 3466 183 3524; x_wconf 77' lang='lat' dir='ltr'><strong>t&#39;osst</strong></span> <span class='ocrx_word' id='word_1_315' title='bbox 193 3465 301 3542; x_wconf 90' lang='lat' dir='ltr'><strong>duplici</strong></span> <span class='ocrx_word' id='word_1_316' title='bbox 308 3466 655 3544; x_wconf 79' lang='lat' dir='ltr'><strong>propugnatommordine</strong></span> <span class='ocrx_word' id='word_1_317' title='bbox 663 3465 878 3525; x_wconf 85' lang='lat' dir='ltr'><strong>defenderetur:</strong></span> <span class='ocrx_word' id='word_1_318' title='bbox 892 3481 1011 3538; x_wconf 89' lang='lat' dir='ltr'><strong>quorum</strong></span> <span class='ocrx_word' id='word_1_319' title='bbox 1021 3465 1089 3524; x_wconf 90' lang='lat' dir='ltr'><strong>alter</strong></span> 
     </span>
     <span class='ocr_line' id='line_1_41' title="bbox 105 3539 1133 3622; baseline -0.005 -21"><span class='ocrx_word' id='word_1_320' title='bbox 105 3561 144 3601; x_wconf 87' lang='lat' dir='ltr'><strong>ex</strong></span> <span class='ocrx_word' id='word_1_321' title='bbox 156 3544 298 3619; x_wconf 74' lang='lat' dir='ltr'><strong>ponfibus,</strong></span> <span class='ocrx_word' id='word_1_322' title='bbox 311 3545 368 3620; x_wconf 82' lang='lat' dir='ltr'><strong>qud</strong></span> <span class='ocrx_word' id='word_1_323' title='bbox 382 3545 467 3604; x_wconf 91' lang='lat' dir='ltr'><strong>tutior</strong></span> <span class='ocrx_word' id='word_1_324' title='bbox 486 3545 633 3620; x_wconf 82' lang='lat' dir='ltr'><strong>altitudine</strong></span> <span class='ocrx_word' id='word_1_325' title='bbox 647 3554 731 3614; x_wconf 88' lang='lat' dir='ltr'><strong>esset,</strong></span> <span class='ocrx_word' id='word_1_326' title='bbox 745 3541 803 3600; x_wconf 83' lang='lat' dir='ltr'><strong>hdo</strong></span> <span class='ocrx_word' id='word_1_327' title='bbox 816 3539 954 3602; x_wconf 75' lang='lat' dir='ltr'><strong>audacius</strong></span> <span class='ocrx_word' id='word_1_328' title='bbox 966 3543 1090 3622; x_wconf 77' lang='lat' dir='ltr'><strong>longius·</strong></span> <span class='ocrx_word' id='word_1_329' title='bbox 1099 3544 1133 3596; x_wconf 83' lang='lat' dir='ltr'><strong>to</strong></span> 
     </span>
     <span class='ocr_line' id='line_1_42' title="bbox 105 3619 1090 3701; baseline -0.002 -21"><span class='ocrx_word' id='word_1_330' title='bbox 105 3639 164 3697; x_wconf 87' lang='lat' dir='ltr'><strong>que</strong></span> <span class='ocrx_word' id='word_1_331' title='bbox 183 3621 239 3680; x_wconf 89' lang='lat' dir='ltr'><strong>tela</strong></span> <span class='ocrx_word' id='word_1_332' title='bbox 258 3622 451 3700; x_wconf 88' lang='lat' dir='ltr'><strong>permitteret;</strong></span> <span class='ocrx_word' id='word_1_333' title='bbox 473 3624 552 3692; x_wconf 87' lang='lat' dir='ltr'><strong>altar,</strong></span> <span class='ocrx_word' id='word_1_334' title='bbox 570 3623 619 3699; x_wconf 91' lang='lat' dir='ltr'><strong>qui</strong></span> <span class='ocrx_word' id='word_1_335' title='bbox 639 3621 750 3700; x_wconf 87' lang='lat' dir='ltr'><strong>propior</strong></span> <span class='ocrx_word' id='word_1_336' title='bbox 770 3622 880 3678; x_wconf 86' lang='lat' dir='ltr'><strong>hostem</strong></span> <span class='ocrx_word' id='word_1_337' title='bbox 901 3619 931 3678; x_wconf 91' lang='lat' dir='ltr'><strong>in</strong></span> <span class='ocrx_word' id='word_1_338' title='bbox 945 3621 1006 3701; x_wconf 89' lang='lat' dir='ltr'><strong>ipso</strong></span> <span class='ocrx_word' id='word_1_339' title='bbox 1020 3623 1090 3684; x_wconf 80' lang='lat' dir='ltr'><strong>vallo</strong></span> 
     </span>
     <span class='ocr_line' id='line_1_43' title="bbox 105 3697 1090 3777; baseline -0.005 -20"><span class='ocrx_word' id='word_1_340' title='bbox 105 3699 262 3758; x_wconf 73' lang='lat' dir='ltr'><strong>collocatm</strong></span> <span class='ocrx_word' id='word_1_341' title='bbox 281 3710 366 3770; x_wconf 89' lang='lat' dir='ltr'><strong>esset,</strong></span> <span class='ocrx_word' id='word_1_342' title='bbox 379 3712 466 3777; x_wconf 88' lang='lat' dir='ltr'><strong>ponte</strong></span> <span class='ocrx_word' id='word_1_343' title='bbox 477 3703 513 3761; x_wconf 91' lang='lat' dir='ltr'><strong>ab</strong></span> <span class='ocrx_word' id='word_1_344' title='bbox 526 3701 719 3760; x_wconf 86' lang='lat' dir='ltr'><strong>incidentibus</strong></span> <span class='ocrx_word' id='word_1_345' title='bbox 731 3697 795 3758; x_wconf 82' lang='lat' dir='ltr'><strong>telis</strong></span> <span class='ocrx_word' id='word_1_346' title='bbox 808 3709 960 3777; x_wconf 88' lang='lat' dir='ltr'><strong>tegeretur.</strong></span> <span class='ocrx_word' id='word_1_347' title='bbox 1000 3699 1090 3758; x_wconf 90' lang='lat' dir='ltr'><strong>Portis</strong></span> 
     </span>
     <span class='ocr_line' id='line_1_44' title="bbox 106 3777 622 3858; baseline -0.004 -20"><span class='ocrx_word' id='word_1_348' title='bbox 106 3778 180 3838; x_wconf 80' lang='lat' dir='ltr'><strong>tbres</strong></span> <span class='ocrx_word' id='word_1_349' title='bbox 194 3777 364 3856; x_wconf 86' lang='lat' dir='ltr'><strong>altioresque</strong></span> <span class='ocrx_word' id='word_1_350' title='bbox 377 3790 469 3838; x_wconf 89' lang='lat' dir='ltr'><strong>turres</strong></span> <span class='ocrx_word' id='word_1_351' title='bbox 479 3779 622 3858; x_wconf 84' lang='lat' dir='ltr'><strong>imposuit.</strong></span> 
     </span>
     <span class='ocr_line' id='line_1_45' title="bbox 145 3855 1089 3942; baseline -0.002 -28"><span class='ocrx_word' id='word_1_352' title='bbox 145 3856 186 3914; x_wconf 82' lang='lat' dir='ltr'><strong>X.</strong></span> <span class='ocrx_word' id='word_1_353' title='bbox 228 3856 325 3942; x_wconf 82' lang='lat' dir='ltr'><strong>Hujus</strong></span> <span class='ocrx_word' id='word_1_354' title='bbox 337 3858 505 3918; x_wconf 87' lang='lat' dir='ltr'><strong>munitionis</strong></span> <span class='ocrx_word' id='word_1_355' title='bbox 518 3857 623 3934; x_wconf 88' lang='lat' dir='ltr'><strong>duplex</strong></span> <span class='ocrx_word' id='word_1_356' title='bbox 641 3865 703 3916; x_wconf 84' lang='lat' dir='ltr'><strong>erat</strong></span> <span class='ocrx_word' id='word_1_357' title='bbox 716 3857 875 3918; x_wconf 84' lang='lat' dir='ltr'><strong>consilium.</strong></span> <span class='ocrx_word' id='word_1_358' title='bbox 916 3855 1047 3923; x_wconf 77' lang='lat' dir='ltr'><strong>Namque</strong></span> <span class='ocrx_word' id='word_1_359' title='bbox 1061 3858 1089 3905; x_wconf 86' lang='lat' dir='ltr'><strong>et</strong></span> 
     </span>
    </p>
   </div>
   <div class='ocr_carea' id='block_1_7' title="bbox 0 0 1295 4422">
    <p class='ocr_par' dir='ltr' id='par_1_8' title="bbox 0 0 1295 4422">
     <span class='ocr_line' id='line_1_46' title="bbox 0 0 1295 4422; baseline 0 0"><span class='ocrx_word' id='word_1_360' title='bbox 0 0 1295 4422; x_wconf 95' lang='lat' dir='ltr'><strong> </strong></span> 
     </span>
    </p>
   </div>
  </div>
 </body>
</html>
