2564 4422
161 359 218 422 tw
521 361 570 412 ue
587 359 703 412 suano
720 359 878 412 enucleo

206 503 304 562 cesar
317 504 381 562 hec
393 521 500 580 genera
519 504 685 564 munitionis
697 503 828 562 instituit.
869 500 988 566 Rossam
1006 501 1117 577 pedum
1135 501 1190 560 XX

206 581 323 640 directis
349 582 485 641 lateribm
506 583 596 651 duria
620 593 652 640 ut
677 583 740 658 ejus
763 581 854 640 solum
879 580 1049 638 tantundem
1073 591 1189 655 pateret,

206 659 465 798 ffiimfffm
477 660 731 797 hbrssssmffni,
757 659 1005 795 Ilpquqaoomnps
1018 658 1189 748 munitiones

207 757 225 796 a
485 793 488 799 ,
618 758 631 796 r
670 757 718 796 unt
742 757 780 796 :t
888 755 1028 800 consite-
1078 755 1189 795 nomam

175 819 318 874 arantum
331 828 407 876 esset
419 758 581 892 manib
594 817 717 892 spatium
738 816 912 892 complexus,
925 833 982 872 nec
1003 735 1090 871 laniis
1103 825 1189 872 totum

205 913 277 971 opus
292 895 418 954 'militum
431 896 536 954 cornui
556 896 744 974 cingeretur,)
758 913 795 952 ne
813 894 850 950 de
870 892 1023 968 improviso
1036 903 1086 950 aut
1105 904 1188 951 noctu

207 975 244 1032 ad
261 974 434 1032 munitiones
447 975 569 1032 boatium
583 973 734 1031 multitudo
748 972 909 1040 advolaret3
931 981 980 1028 aut
998 970 1124 1028 interdiu
1137 972 1188 1030 tela

206 1050 237 1110 in
260 1063 379 1119 noetros,
403 1051 483 1128 operi
502 1052 668 1123 destinatos,
689 1051 831 1127 conjicere
854 1059 977 1126 possent.
1020 1049 1087 1106 Hoc
1108 1049 1187 1108 inter-

89 1123 94 1130 ’
206 1130 293 1188 misso
313 1131 413 1206 spatio,
435 1131 508 1188 duas
525 1131 624 1198 fossas,
638 1130 696 1188 XV
709 1129 797 1206 pedes
816 1129 898 1195 latas,
919 1127 1023 1185 eddam
1042 1127 1186 1187 altitudine

159 1209 194 1263 10
206 1209 354 1284 perduxit:
373 1227 492 1284 quarum
507 1209 678 1276 interiorem,
692 1207 899 1283 campestribus
918 1224 954 1262 ac
967 1205 1100 1263 demissis
1112 1207 1185 1276 locis,

207 1289 281 1362 aqut
303 1307 339 1346 ex
360 1287 477 1345 flumine
498 1288 625 1345 derivata
647 1287 807 1362 complevit.
849 1285 916 1342 Post
938 1303 988 1342 eas
1002 1303 1136 1360 aggerem
1155 1303 1186 1343 ac

207 1366 312 1422 vallum
344 1365 407 1422 XII
440 1365 545 1440 pedum
577 1367 723 1422 exstruxit.
778 1363 856 1421 Huic
888 1345 1006 1421 lotitiam
1031 1363 1187 1440 pinnasque

184 1450 192 1460 '
208 1443 322 1517 adjecit,
336 1443 492 1518 grandibus
505 1443 596 1500 cervis
609 1443 802 1500 eminentibus
815 1443 852 1499 ad
870 1441 1068 1499 commissuras
1081 1442 1188 1516 pluteo-

207 1538 270 1576 rum
284 1531 367 1594 atque
382 1520 504 1596 aggeris,
514 1521 563 1596 qui
577 1539 727 1579 ascensum
738 1521 860 1578 bostium
874 1520 1037 1588 tardarent;
1057 1531 1088 1577 et
1101 1529 1187 1579 tunes

160 1599 195 1652 1⁵
207 1607 266 1655 toto
277 1615 362 1674 opere
375 1599 574 1666 circumdedit,
588 1617 651 1674 quae
672 1600 760 1676 pedes
773 1599 890 1657 LXXX
908 1599 1026 1656 intense
1044 1598 1185 1658 distarent

246 1675 392 1736 LXXIII.
432 1677 503 1735 Erat
515 1679 616 1736 eodem
626 1689 754 1754 tempore
767 1688 796 1736 et
806 1676 960 1744 materiari,
971 1687 1001 1733 et
1013 1677 1186 1746 fnamentarI,

206 1765 350 1815 attentas
370 1756 542 1816 munitiones
562 1757 633 1824 lieri,
655 1776 783 1823 necesse,
798 1754 946 1813 diminutis
966 1755 1071 1812 nostris
1092 1757 1185 1832 copiis,

205 1853 269 1908 quae
295 1834 409 1910 longibs
435 1835 471 1893 ab
497 1836 598 1894 eastris
623 1836 896 1912 progrediebantur:
925 1853 959 1894 ac
986 1853 1186 1910 nonnunquam

206 1931 293 1987 opera
305 1925 402 1972 nostra
414 1914 490 1972 Galli
510 1926 629 1982 tentare,
645 1925 728 1989 atque
748 1913 924 1989 eruptionem
939 1931 975 1970 ex
988 1913 1095 1988 oppido
1108 1913 1187 1989 pluri·

157 1995 194 2048 20
207 1991 260 2048 bus
269 1993 357 2068 portis
367 1993 479 2050 summi
490 1993 516 2051 vi
528 1995 622 2051 lacere
632 1994 819 2052 conabantur.
858 1991 960 2052 Quare
972 1992 1007 2049 ad
1019 1993 1082 2048 hoec
1096 2011 1187 2049 rursus

205 2089 292 2145 opera
305 2072 468 2129 addendum
488 2073 586 2130 Caesar
606 2071 723 2148 putavit,
738 2071 795 2147 qnb
815 2070 923 2128 minore
937 2089 1057 2128 numero
1070 2069 1187 2128 militum

206 2149 379 2206 munitiones
399 2150 514 2206 delendi
533 2160 657 2226 possent.
698 2149 798 2225 Itaque
821 2147 931 2206 truncis
954 2149 1087 2206 arborum
1115 2149 1187 2206 haud

208 2225 361 2282 admodum
375 2226 463 2282 lirinis
476 2228 562 2285 ramis
578 2227 721 2296 abscissis,
736 2239 819 2303 atque
833 2229 933 2284 horum
946 2226 1095 2284 delibratis
1109 2239 1187 2302 atque

207 2302 358 2378 praeacutis
377 2305 585 2375 cacuminibus,
609 2317 753 2382 perpetue
772 2307 862 2374 fosse,
883 2305 985 2380 quinos
1007 2306 1098 2382 pedes
1117 2307 1186 2375 alte,

157 2383 194 2438 at
207 2380 394 2440 ducebantur.
436 2383 504 2444 Huc
517 2384 558 2443 illi
578 2385 687 2460 stipites
708 2385 834 2454 demissi,
847 2396 877 2442 et
890 2385 927 2442 ab
940 2384 1040 2443 infimo
1060 2384 1186 2452 revincti,

208 2478 244 2516 ne
258 2460 353 2518 revelli
366 2474 491 2538 possent,
505 2465 542 2522 ab
554 2463 641 2522 ramis
650 2465 824 2522 eminebant.
863 2462 957 2524 Quini
971 2473 1055 2520 erant
1067 2463 1186 2529 ordines,

79 2573 86 2584 ·
207 2538 353 2614 conjuncti
377 2540 450 2600 inter
470 2561 501 2600 se
523 2553 606 2618 atque
627 2542 782 2619 implicati;
813 2541 869 2617 qub
883 2542 930 2616 qui
952 2541 1138 2610 intraverant,
1158 2559 1188 2600 se

207 2616 260 2694 ipsi
282 2619 453 2677 acubssimis
476 2621 555 2679 vallis
578 2622 743 2680 induebant.
785 2621 847 2678 Hos
870 2619 977 2696 Cippos
1000 2620 1188 2696 appellabant

207 2697 285 2755 Ante
300 2699 360 2765 hoe,
373 2698 494 2774 obliquis
506 2701 654 2758 ordinibus
666 2700 696 2758 in
711 2699 902 2775 quincuncem
911 2697 1062 2774 dispositis,
1074 2699 1190 2756 scrobes

156 2777 192 2832 30
207 2775 291 2832 trium
306 2777 336 2832 in
358 2777 535 2836 altitudinem
549 2780 654 2856 pedum
675 2779 863 2844 fodiebantur,
877 2777 1011 2853 paulatim
1024 2776 1189 2850 angustiore

207 2854 242 2910 ad
257 2853 386 2911 infimum
401 2855 522 2931 lastigie.
564 2857 632 2915 Huc
646 2867 749 2916 teretes
759 2856 879 2932 stipites,
893 2854 1007 2913 seminis
1024 2854 1191 2912 erassitudi-

205 2947 252 3000 ue',
267 2931 304 2990 ab
322 2951 432 2991 summo
445 2935 580 3009 praeacuti
594 2947 624 2994 et
642 2935 767 3013 praeusti,
781 2935 1002 2993 demittebantur
1022 2932 1072 2999 ita,
1087 2945 1189 2992 utnon

206 3009 328 3086 amplibs
341 3011 438 3088 digitis
458 3012 502 3070 IV
515 3015 638 3086 externi
651 3015 829 3072 eminerent:
850 3013 944 3081 simul,
959 3011 1148 3070 confirmandi
1162 3022 1190 3070 et

206 3090 368 3148 stabiliendi
386 3091 485 3164 causd,
498 3093 603 3169 singuli
618 3095 654 3152 ab
667 3093 765 3151 infimo
784 3092 844 3151 solo
856 3092 944 3168 pedes
963 3091 1039 3148 terra
1059 3091 1190 3148 exculca-

155 3168 191 3223 35
206 3167 325 3226 bantur:
346 3169 454 3244 reliqua
464 3189 529 3246 pars
539 3173 646 3230 scrobis
661 3173 696 3230 ad
706 3172 892 3230 occultandas
906 3169 1025 3227 insidias
1035 3169 1188 3227 viminibus

205 3265 240 3306 ac
256 3246 382 3324 virgultis
395 3247 582 3324 integebatur.
624 3250 718 3325 Hujus
731 3249 845 3327 generis
861 3244 1087 3308 octoni'ordines
1100 3247 1188 3316 ducti,

204 3335 300 3386 ternos
327 3326 400 3385 inter
426 3347 457 3385 se
484 3329 571 3404 pedes
596 3328 748 3387 distabant.
789 3328 824 3385 Id
847 3347 884 3386 ex
906 3326 1094 3386 similitudine
1114 3325 1190 3385 floris

205 3404 296 3464 lilium
318 3406 506 3484 appellabant.
548 3407 626 3465 Ante
647 3409 709 3465 haec
729 3406 821 3478 taleae,
842 3407 944 3482 pedem
965 3405 1070 3481 longe,
1093 3402 1190 3463 ferrals

206 3481 298 3540 hamis
318 3485 422 3558 infixis,
443 3497 508 3545 totte
532 3485 562 3544 iu
576 3497 680 3544 terram
694 3485 920 3552 iulcdiebantur,
942 3482 1189 3558 mediocribusque

154 3565 190 3620 to
207 3555 373 3696 Intermiqsis
385 3564 494 3640 spatiis,
513 3565 646 3624 omnibus
659 3563 730 3622 loeis
742 3563 963 3630 disserebantur,
976 3579 1050 3636 quos
1062 3561 1190 3620 stimulos

206 3653 321 3695 uomina
343 3653 399 3700 ant.

244 3713 392 3807 LXXIV..
425 3719 481 3808 llis
510 3723 596 3780 rebus
624 3721 767 3797 perlectis,
802 3721 934 3794 regiones
960 3725 1079 3810 peculim
1105 3717 1188 3794 quin

204 3797 1188 3954 mssffiffiaqjuppmtqqqeppffiiffl.qiipeqm’pqpahh'uu
