2590 4424
151 353 202 417 ῃ.
413 417 415 426 ,
510 344 559 395 na
575 343 696 398 samo
711 342 870 396 crumco

240 489 327 550 vlu.
368 489 465 568 Hujus
496 488 619 548 oiritmrs
644 501 688 546 est
713 485 799 563 longe
827 485 1002 564 amplissima
1034 487 1207 547 auctoritas

200 568 294 631 omnis
306 587 363 630 ore
383 567 533 630 maritime
547 566 695 643 mgionum
708 585 817 633 enum,
837 565 914 642 quiid
927 576 957 624 et
973 583 1061 624 naves
1080 568 1207 626 hebent

201 648 308 708 Veneti
319 648 468 725 plurimas,
489 647 592 724 quibus
604 647 635 704 ia
648 645 828 704 Britanniam
841 646 977 723 navigare
991 645 1184 705 consuerunt
1197 669 1204 718 ;

201 738 230 786 et
242 727 365 792 scientis
386 739 470 804 atquc
483 745 537 784 usu
556 723 738 783 nauticarum
750 743 846 782 rerum
866 726 990 800 reliquos
1004 727 1204 795 antecedunt,

172 814 230 872 ὅθι
256 807 287 868 in
312 827 418 885 magno
445 803 551 880 inipetu
577 803 664 862 meris
692 814 776 880 atque
798 815 905 880 aperto,
928 804 1029 880 paucis
1050 807 1206 880 portubus

202 886 368 964 interjectis,
395 904 463 960 quos
486 891 586 940 tenent
612 882 678 958 ipsi,
701 903 801 942 omnes
822 882 892 952 tere,
916 883 966 958 qui
988 903 1024 941 eo
1051 885 1129 942 mari
1157 885 1204 942 uti

141 965 144 969 ’
202 965 388 1034 consuerunt,
402 963 508 1022 habent
522 961 686 1039 vectigales.
728 963 777 1020 Ab
790 963 824 1020 iis
844 962 899 1020 suit
911 961 1025 1022 initium
1045 962 1203 1021 retinendi

203 1044 267 1108 Silii
281 1056 364 1119 atoue
378 1039 507 1108 velanti,
517 1035 659 1119 qubdpai
673 1061 801 1108 eosrnros
814 1041 985 1108 seobaides,
998 1059 1069 1116 quos
1083 1039 1205 1102 Crasso

201 1122 354 1187 dedissent,
376 1130 593 1196 recuperaturos
615 1121 829 1179 existimabant,
881 1120 993 1178 Horum
1020 1121 1203 1180 auctoritate

157 1207 191 1262 ιο
200 1197 313 1259 finitimi
322 1196 449 1266 adducti,
465 1198 512 1276 (ut
522 1209 589 1258 sunt
595 1199 744 1257 Gallorum
751 1197 846 1254 subita
856 1209 885 1256 et
895 1199 1045 1275 repentina
1052 1201 1201 1281 consilia)

131 1281 134 1290 '
200 1277 303 1338 eidem
329 1277 364 1337 de
397 1278 487 1334 causrl
513 1277 664 1346 Trebium,
693 1275 947 1351 Terrasidiumque
973 1278 1117 1350 retinent3
1158 1292 1201 1348 et,

201 1356 330 1418 celeriter
343 1354 438 1418 missis
457 1355 569 1430 legatis,
583 1375 633 1430 per
648 1374 715 1414 suos
726 1353 871 1429 principes
890 1355 966 1434 inter
979 1375 1010 1412 se
1025 1359 1202 1433 conjurant,

200 1433 498 1507 nibil,nisisommuui
506 1433 636 1506 consilio,
645 1443 768 1498 acturos,
777 1432 1058 1512 eundemque-omnis
1067 1436 1203 1496 fortune

198 1512 308 1574 exitmn
320 1532 382 1572 esse
395 1513 503 1576 laturos
515 1533 521 1570 :
542 1511 721 1587 reliquasque
742 1510 872 1567 civitates
885 1509 1048 1579 sollicitant,
1063 1523 1096 1570 ut
1109 1515 1146 1573 in
1162 1518 1202 1574 st

156 1591 345 1664 151ibertete,r
360 1611 447 1666 qnam
471 1612 489 1650 a
515 1589 670 1666 majoribus
691 1592 874 1666 acceperant,
895 1606 1074 1666 permanere,
1101 1594 1200 1670 quim

199 1670 398 1730 Romanorum
408 1671 572 1730 servitutem
579 1669 705 1746 perferre
716 1669 843 1728 mallent.
884 1667 973 1727 Omni
983 1669 1035 1728 ora
1044 1672 1200 1732 maritima

200 1749 330 1810 celeriter
342 1752 470 1814 adsuunt
478 1748 648 1812 senensem
658 1748 808 1826 perducti,
821 1767 1004 1818 communem
1014 1749 1198 1826 legationem

201 1831 238 1888 sd
251 1830 283 1890 P.
306 1831 443 1892 Crassum
456 1830 582 1896 mittunt,
603 1828 654 1889 ‘Si
667 1829 735 1886 velit
755 1847 822 1888 sues
842 1828 979 1904 recipere,
997 1829 1113 1887 obsides
1136 1831 1200 1890 sibi

200 1910 343 1973 remittat!
394 1911 397 1919 '

154 1997 221 2055 201-
240 1989 296 2052 lx.
337 1989 454 2054 Quibus
476 1987 620 2048 derebus
641 1986 740 2057 Gasar
765 1986 802 2044 ab
827 1986 933 2044 Crasso
958 1987 1062 2046 certior
1085 1988 1197 2057 fictus,

201 2066 278 2146 qudd
295 2069 355 2147 ipse
377 2069 474 2128 aberet
493 2063 618 2142 longuis,
638 2083 729 2126 naues
744 2063 859 2123 interim
878 2066 979 2142 longas
1000 2065 1138 2128 aedificari
1162 2068 1196 2127 in

89 2160 92 2165 ·
144 2163 148 2190 ¹
201 2147 319 2208 flumine
343 2145 450 2222 Ligeri,
468 2145 544 2221 quod
558 2143 653 2203 influit
671 2163 823 2210 oceanum,
837 2144 961 2220 remiges
982 2163 1018 2200 ex
1035 2144 1197 2205 Provincia

202 2225 321 2294 instiuri,
336 2234 438 2282 nautas
451 2223 712 2300 gubernatoresque
731 2224 891 2298 comparari
901 2223 991 2299 jubet
1032 2222 1089 2279 His
1102 2226 1196 2283 rebus

202 2302 331 2363 celeriter
352 2302 566 2372 administratis,
588 2303 658 2379 ipse,
672 2321 761 2379 quum
777 2298 902 2377 primirm
922 2299 1055 2378 paranni
1075 2311 1196 2379 tempus

156 2381 301 2458 25potuit‚
326 2381 362 2440 sd
388 2381 546 2442 exercitum
570 2381 725 2442 contendit.
780 2380 897 2449 Veneti,
923 2379 1095 2458 reliquaeque
1119 2381 1194 2440 item

201 2460 339 2528 civitates,
361 2460 477 2536 cognito
491 2459 615 2522 (inseris
637 2463 774 2533 adventu,
790 2459 876 2517 simul
889 2457 976 2534 qubd,
998 2471 1137 2534 quantum
1159 2461 1192 2518 in

201 2558 231 2604 se
252 2539 364 2598 facinus
384 2540 577 2614 admisissent,
608 2541 817 2617 intelligebant,
839 2539 971 2615 (legatos,
989 2537 1065 2614 quod
1083 2556 1192 2598 nomen

202 2619 276 2694 apud
289 2637 390 2680 omnes
407 2619 538 2680 ustiones
558 2633 690 2678 sancum]
711 2618 931 2692 invidorumque
952 2635 1064 2693 semper
1078 2615 1191 2691 fuisset,

201 2707 324 2760 retentes
334 2697 410 2767 abse
418 2709 448 2758 et
456 2699 611 2759 invincula
623 2697 782 2774 conjectos)
793 2714 845 2771 pro
857 2695 1055 2770 magnitudine
1067 2696 1191 2772 periculi
1290 2743 1291 2764 ,

156 2786 191 2845 30
202 2777 306 2842 bellum
315 2796 427 2852 parare,
441 2787 471 2836 et
483 2774 608 2836 mnae
622 2795 667 2842 es,
681 2794 745 2849 qus
759 2774 796 2830 ad
808 2791 892 2830 nsum
905 2773 1020 2832 navium
1034 2775 1189 2852 pertinent,
1290 2813 1291 2816 =

199 2855 347 2931 providere
369 2854 539 2923 instituunt3
569 2851 627 2912 bdc
648 2853 754 2928 majore
768 2869 828 2927 spe,
841 2850 919 2927 qubd
939 2851 1062 2912 multism
1085 2855 1190 2912 natura

200 2934 256 2998 loci
277 2934 468 2996 confidebunt
518 2931 666 2990 Pedestria
686 2949 750 2991 esse
770 2930 876 2988 itinera
897 2932 1025 2998 concisa}
1038 2933 1188 3002 attuariis,

199 3015 413 3090 navigationem
427 3011 592 3088 impeditam
605 3020 718 3087 propter
728 3009 911 3071 inscientium
921 3009 1047 3070 locorum
1060 3011 1191 3090 paucita-

175 3133 177 3138 -
200 3103 315 3168 temque
338 3104 469 3170 portuum
493 3089 641 3150 sciebant:
670 3109 763 3166 usqne
781 3100 892 3150 nostrus
913 3091 1055 3150 exercitus
1074 3101 1189 3167 propter

153 3170 335 3237 {testamenti
356 3171 482 3247 inopiam
496 3169 604 3228 diutius
622 3169 698 3245 apud
712 3188 743 3228 se
760 3169 865 3228 morari
877 3189 970 3246 posse,
985 3169 1187 3228 confidebant:

201 3269 235 3308 ac
256 3251 382 3326 jam-ut
406 3249 505 3310 omnia
525 3259 626 3306 contra
645 3248 810 3324 opinionem
834 3249 1008 3318 acciderent,
1035 3259 1131 3306 tamen
1155 3267 1188 3306 se

198 3326 353 3404 plurimum
373 3327 492 3390 naribus
511 3347 611 3405 posse:
632 3327 781 3386 Romanos
801 3347 894 3406 neque
911 3329 999 3388 ullam
1021 3326 1186 3388 fucultatem

199 3407 306 3468 habere
333 3409 458 3481 nauium,
482 3425 578 3482 neque
594 3425 693 3466 eorum
713 3408 851 3476 locorum,
875 3402 926 3466 ubi
946 3407 1051 3469 bellum
1079 3406 1187 3480 gesturi

199 3497 304 3553 essent,
320 3489 402 3554 vada,
417 3498 525 3564 portus,
540 3487 703 3564 insulasque
723 3489 851 3546 novisse:
873 3506 908 3545 sc
921 3484 1006 3560 longe
1024 3478 1109 3540 aliam
1122 3503 1187 3544 esse

154 3564 414 3640 meavigstionem
439 3566 628 3626 inrconeluso
653 3567 735 3635 mari,
761 3565 845 3642 atque
866 3567 897 3626 in
920 3562 1079 3622 vastissimo
1102 3574 1187 3639 atque

203 3641 377 3720 apertissimo
390 3642 521 3714 Oceano,
535 3645 753 3723 perspiciebant
796 3647 826 3704 Η
828 3648 852 3704 is
865 3643 943 3702 initis
956 3641 1094 3710 consiliis,
1109 3644 1187 3721 oppi-

203 3723 240 3782 da
259 3722 402 3795 muniunt,
416 3723 560 3784 frumenti
572 3745 608 3786 ex
622 3724 697 3802 egris
719 3726 748 3784 in
761 3726 866 3802 oppida
883 3732 1062 3798 comportant
1070 3743 1078 3793 ;
1100 3741 1186 3780 naves

204 3801 236 3860 in·
257 3803 418 3871 Venetiam,
441 3803 490 3862 ubi
513 3804 660 3864 Cesaram
679 3802 803 3880 primirm
824 3803 929 3860 bellum
952 3813 1099 3876 gesturum
1120 3821 1187 3860 con·

206 3883 306 3953 stabat,
327 3879 414 3962 quim
433 3881 571 3963 plurimes
589 3893 718 3960 possunt,
741 3891 855 3960 coguut
897 3877 999 3940 Socios
1017 3882 1074 3941 sibi
1098 3878 1134 3938 ad
1156 3879 1186 3942 id
