2590 4424
146 351 187 412 ῃ
506 341 863 398 oecumenium

196 485 330 548 sdveruls
343 485 374 544 in
385 485 565 546 latitudim
584 488 709 564 pstebu.
721 497 860 562 qiam
870 485 928 546 loci
945 485 1025 546 wius
1036 485 1183 553 hilm!

194 583 336 640 occupare
348 575 466 642 poterat,
485 565 743 640 nqueexmtqoe
757 564 1183 640 partelnter'ndejecturhahe-
1219 603 1226 616 .

196 643 254 710 bat,
265 654 294 700 et
305 643 425 700 frontem
431 642 532 700 leniter
541 643 1041 720 lastigmuspsulntimdplaniciem
1049 644 1180 724 redibat)

197 721 234 778 ab
243 731 360 796 utroque
369 720 524 796 latereejus
533 721 614 778 collis
621 721 1054 781 usnmersnmlcmrncbduxit
1061 721 1182 782 circiter

171 806 190 858 5
196 817 330 876 passuum
343 799 417 868 cD;
437 800 513 857 etad
530 810 671 856 extremas
681 799 770 858 sumes
781 799 899 856 castella
910 798 1068 866 coustituit,
1079 799 1182 876 ibique

196 887 336 936 tormenta
346 877 504 944 collocarit,
514 896 562 948 ne,
575 895 663 950 quum
676 877 767 934 aciem
781 877 968 943 instruxisset,
979 878 1085 944 hostes,
1098 879 1181 953 quod
1212 911 1223 926 ·

196 965 306 1014 tanturn
326 955 507 1012 multitudine
519 965 658 1030 poterant,
672 956 710 1012 ab
721 955 857 1012 lateribus
870 965 1032 1030 pugnantes
1041 975 1109 1013 uros
1121 957 1197 1016 cir-

195 1033 359 1092 cumvenire
372 1042 495 1108 possent.
536 1033 602 1091 Hoc
611 1033 696 1100 facto,
709 1034 821 1092 duabus
833 1033 1002 1107 legionibus,
1015 1052 1089 1109 quas
1094 1054 1181 1110 prox-

196 1109 254 1167 irnd
274 1109 489 1186 conscripserat,
507 1111 538 1168 in
558 1112 660 1168 castris
678 1111 795 1178 relictis,
816 1122 857 1178 ut,
877 1111 903 1167 si
922 1111 979 1186 qut
998 1130 1071 1186 opus
1089 1123 1178 1182 emet,

154 1188 322 1249 losubsidio
343 1188 412 1246 duci
436 1200 560 1264 possent,
582 1189 705 1264 reliquas
730 1208 782 1247 ses
800 1189 927 1264 legiones
946 1208 998 1264 pro
1023 1190 1125 1248 ermis
1146 1192 1178 1249 in

196 1266 258 1324 ccie
278 1267 432 1324 constitnit.
474 1268 579 1325 Hostes
599 1267 668 1324 item
686 1285 754 1324 suas
772 1267 870 1343 copias
881 1286 919 1324 ex
938 1266 1039 1338 castris
1056 1269 1179 1328 eductas

91 1400 98 1408 .
195 1343 394 1401 instruxerant.

234 1421 290 1478 IX„
330 1421 417 1478 Palus
435 1431 497 1478 eret
515 1440 574 1478 uon
596 1441 702 1497 magna
714 1422 788 1480 inter
806 1432 934 1480 nostrum
948 1433 1031 1498 uque
1051 1423 1178 1483 hostium

195 1498 361 1554 exercitum.
401 1498 488 1555 Hanc
509 1499 635 1556 sinostri
654 1501 816 1567 transirent,
838 1501 933 1558 bostes
951 1501 1176 1577 exspectabant:

155 1583 188 1636 15
196 1575 284 1632 nostri
298 1585 402 1642 eutem,
415 1576 441 1632 si
455 1577 491 1633 ab
504 1575 559 1634 illis
573 1577 685 1635 initium
698 1579 864 1637 transeundi
876 1579 966 1645 lieret,
980 1591 1012 1636 ut
1025 1579 1178 1655 impeditos

196 1653 426 1732 aggrederentur,
437 1655 528 1730 parati
541 1655 571 1713 in
582 1657 668 1712 armis
679 1667 770 1716 erant.
811 1655 929 1714 Interim
942 1655 1040 1732 prelio
1051 1659 1177 1732 equestri
1272 1693 1273 1698 κ

195 1728 269 1792 inter
289 1731 360 1790 duas
373 1733 450 1792 acies
469 1735 704 1792 contendebatur.
744 1734 801 1791 Ubi
821 1735 915 1794 neutri
934 1736 1101 1792 umseundi
1121 1736 1178 1794 ini-

194 1811 266 1870 tium
289 1813 407 1882 faciunt,
431 1813 599 1871 secundiore
619 1813 746 1888 equitum
767 1823 925 1870 nostrorum
947 1812 1054 1888 prelio,
1076 1813 1177 1874 Cesar
1272 1855 1273 1874 r

195 1907 260 1948 snos
273 1891 303 1948 in
317 1907 411 1950 cestra
423 1893 544 1949 reduxit.
585 1891 691 1948 Hostes
703 1891 831 1966 protinus
843 1910 880 1948 er
892 1910 928 1948 eo
940 1890 1003 1948 loco
1016 1891 1053 1948 ad
1067 1889 1176 1950 flumen

151 1967 327 2029 consonam
346 1971 564 2036 contenderunt,
578 1969 653 2043 quod
673 1987 735 2026 esse
755 1979 818 2044 post
836 1979 932 2026 nostra
944 1979 1039 2026 castre
1058 1969 1177 2028 demon-

194 2055 312 2103 stratum
335 2057 387 2103 est.
434 2047 481 2103 Ibi
503 2047 583 2104 radis
605 2046 733 2120 repertis,
756 2059 865 2121 partem
888 2065 1004 2104 marum
1026 2047 1176 2122 copiarum

194 2124 378 2180 transducere
389 2124 484 2180 conati
498 2133 580 2191 sunt,
594 2142 629 2180 eo
641 2123 769 2191 oonsilio,
784 2134 824 2190 ut,
839 2124 863 2180 si
875 2135 1000 2199 possent,
1014 2125 1175 2193 castellum,

195 2199 243 2254 cui
265 2210 384 2273 preerat
408 2199 448 2260 Q„
473 2200 604 2257 Titurius
628 2199 748 2276 legatus,
775 2213 980 2276 expugnarent,
1003 2213 1175 2278 pontemque

195 2274 450 2346 interscinderent3
471 2277 495 2334 si
508 2275 604 2336 minus
616 2278 782 2354 potuissent,
798 2297 879 2354 agros
892 2279 1051 2336 Remorum
1057 2281 1176 2355 populn-

150 2359 301 2420 25rentur,
324 2354 372 2428 qui
395 2374 500 2430 magno
522 2357 604 2414 nobis
630 2356 694 2412 usui
717 2357 753 2418 ad
777 2356 883 2414 bellum
902 2357 1061 2432 gerendum
1081 2367 1173 2424 erunt,
1271 2353 1272 2398 1

194 2443 409 2506 commeatuque
423 2445 532 2491 nostros
543 2435 734 2510 prohiberent.
819 2475 822 2480 ·

233 2507 272 2568 X.
313 2507 420 2578 Cesar,
435 2513 537 2570 certior
557 2513 649 2570 lactus
663 2514 699 2570 ab
712 2511 835 2580 Titurio,
848 2531 963 2570 omnem
975 2511 1131 2588 equitatum
1143 2524 1175 2572 et

193 2587 263 2646 levis
271 2599 419 2648 armature
430 2589 581 2659 Numidas,
593 2592 758 2660 funditores,
770 2591 984 2668 sagittariosque
994 2602 1109 2666 pontem
1117 2602 1174 2650 trc-

193 2667 273 2726 duoit
284 2680 366 2744 etque
377 2669 413 2725 ad
421 2688 470 2727 cos
483 2672 638 2729 contendit.
680 2670 793 2728 Acriter
802 2671 832 2726 in
842 2669 947 2726 eoloco
954 2679 1173 2744 pugnatumest.

150 2745 299 2806 &Hostes
317 2746 467 2821 impeditos
486 2748 574 2804 nostri
588 2748 618 2804 in
632 2747 749 2804 flumine
769 2746 904 2821 aggressi,
919 2765 1055 2821 magnum
1074 2766 1174 2804 corum

193 2841 342 2880 numerum
362 2823 538 2880 occiderunt
579 2824 634 2880 Per
654 2843 752 2881 eorum
764 2842 883 2898 corpora
902 2823 1024 2898 reliquos
1044 2825 1175 2882 audacis·

193 2897 265 2956 sime
286 2899 405 2956 transire
418 2911 565 2968 conantes,
579 2901 760 2958 multitudine
780 2901 900 2958 telorum
913 2901 1094 2976 repulerunt;
1117 2902 1175 2977 pri-

192 2995 263 3044 mos,
290 2979 338 3053 qui
361 2977 540 3046 transierant,
567 2979 693 3053 equitatu
716 2979 934 3046 circumventos,
960 2976 1173 3038 interfecerunt.
1270 2999 1271 3064 ᾗ

193 3054 308 3123 Hostes,
329 3055 378 3112 ubi
398 3064 426 3112 et
446 3056 482 3112 de
503 3059 694 3132 expugnando
713 3057 826 3133 oppido,
847 3069 876 3114 et
896 3058 931 3114 de
945 3057 1062 3114 flumine
1082 3068 1175 3116 nens-

149 3133 296 3200 seeundo,
311 3153 389 3209 spem
403 3152 434 3189 se
448 3133 578 3192 fefellisse
590 3134 798 3204 intellexerunt,
813 3155 905 3212 neque
915 3146 1024 3193 nostros
1038 3134 1174 3194 inlocum

192 3208 359 3286 iniquiorem
372 3210 504 3286 progredi
516 3212 663 3288 pugnandi
682 3213 770 3270 causti
784 3214 923 3281 viderunt,
939 3225 1022 3288 utque
1036 3213 1111 3288 ipsos
1128 3234 1175 3272 res

191 3287 375 3349 frumentaria
388 3287 510 3347 deficere
530 3290 626 3365 coepit,
640 3291 763 3348 concilio
775 3304 940 3360 convocato,
954 3291 1172 3360 constituerunt,

191 3367 327 3437 optimum
348 3387 410 3426 esse
424 3368 539 3428 domum
553 3387 633 3426 suam
646 3389 786 3444 quemque
805 3371 926 3440 reverti3
947 3381 988 3438 ut,
1001 3389 1121 3444 quorum
1142 3371 1173 3428 in
1226 3407 1230 3416 ·

193 3437 264 3496 fines
295 3445 417 3518 primirm
450 3445 577 3506 Romani
609 3447 765 3506 exercitum
795 3448 1026 3530 introduxissent,
1061 3449 1097 3504 ad
1123 3467 1173 3508 eos

149 3515 385 3606 llldel'crrdendor
398 3527 523 3603 undique
537 3526 740 3595 convenirent;
761 3538 790 3584 et
808 3525 903 3603 potiris
916 3527 946 3586 in
960 3526 1028 3593 suis,
1042 3524 1129 3601 qudm
1143 3527 1172 3584 in

194 3593 293 3654 ulrems
302 3597 405 3674 finibus
415 3603 610 3672 decertarent3
624 3615 654 3661 et
663 3605 825 3664 domesticis
834 3605 923 3680 copiis
931 3605 972 3662 rei
981 3605 1171 3663 frumentarie

193 3681 346 3734 uterentur.
395 3678 442 3734 Ad
465 3701 528 3742 enm
549 3682 730 3751 sententiam,
754 3703 821 3742 oum
844 3681 959 3757 reliquis
981 3682 1087 3752 causis,
1109 3685 1171 3742 hec

210 3771 301 3828 noque
327 3753 400 3812 ratio
424 3772 473 3812 eos
498 3761 624 3830 deduxit,
648 3761 726 3836 qndd
752 3759 926 3818 Divitiacum
953 3761 1172 3835 atquelrlduos

233 3831 296 3892 ibus
316 3829 773 3912 Bellovacorum-appropinquare
794 3848 994 3909 coguoverunt.
1035 3838 1092 3898 His
1108 3858 1171 3918 per-
1268 3879 1269 3894 r
