2564 4422
155 423 194 487 66
466 440 471 444 ·
532 419 580 474 ΒΕ
596 415 887 474 namonanmco
960 431 961 436 ’

202 551 276 638 quta
296 577 392 637 neque
421 567 562 633 anchore,
590 565 727 640 binasque
745 563 950 633 subsisterent,
970 581 1063 640 neque
1092 575 1189 626 nanta

200 637 464 722 gubernatoresque
486 645 540 702 vim
558 643 616 719 pati
636 644 813 720 tempestatis
830 653 960 720 possent:
981 643 1075 720 itaque
1097 664 1136 703 ex
1157 665 1190 704 eo

149 783 154 796 q
201 723 344 777 concursu
358 724 475 782 navium
488 739 622 798 magnum
632 739 695 779 esse
709 723 922 781 incommodum
937 725 1105 799 acceptum.²

239 790 297 855 XI.
340 800 397 861 His
421 803 505 860 rebus
531 799 662 876 cognitis,
690 801 788 859 Caesar
814 799 943 878 legiones
976 801 1190 880 equitatumque

174 879 339 949 5revocari,
362 891 443 956 atque
464 878 564 935 itincre
584 879 722 938 desistere
740 881 838 958 jubet:
859 881 920 957 ipse
935 880 970 938 ad
990 897 1078 938 naves
1097 901 1191 939 rever·

201 956 290 1016 titur:
321 960 419 1016 cadem
447 955 517 1025 ferd,
548 977 611 1033 quae
635 978 672 1017 ex
699 959 815 1018 nunciis
842 959 986 1034 literisque
1007 971 1189 1036 cognoverat,

160 1062 176 1092 x
201 1036 298 1096 ocrim
318 1035 461 1112 perspicit,
475 1034 518 1093 sio
536 1047 577 1104 ut,
592 1038 705 1098 amissis
725 1038 839 1096 circiter
852 1037 909 1095 XL
922 1038 1052 1105 navibus,
1074 1039 1190 1115 reliqua

200 1124 296 1170 tamen
324 1113 402 1170 refici
422 1133 505 1188 posse
533 1135 640 1193 magno
665 1117 781 1194 negotio
804 1116 976 1174 viderentur.
1014 1116 1127 1193 ‘Itaque
1155 1111 1203 1176 ex'

199 1188 360 1266 legionibus
371 1191 464 1250 fabros
476 1193 592 1270 delegit,
607 1207 681 1254 etex
696 1195 855 1254 contiuenti
869 1195 938 1254 alios
950 1195 1081 1252 arcessiri
1091 1197 1188 1272 jubet;

158 1277 191 1330 10
200 1268 330 1330 Labieno
344 1271 450 1339 scribit,
465 1283 506 1340 ut,
521 1272 607 1348 quam
627 1274 764 1351 plurimas
776 1284 881 1350 posset,
903 1274 938 1331 iis
951 1272 1113 1350 legionibus
1127 1294 1189 1351 que

201 1362 269 1408 sunt
290 1352 364 1428 apud
385 1371 459 1418 eum,
481 1370 569 1411 naves
589 1353 726 1410 instituat.
773 1351 850 1428 Ipse,
872 1352 926 1410 etsi
947 1372 993 1410 res
1012 1363 1074 1410 erat
1093 1353 1189 1412 multis

199 1448 293 1504 operae
314 1450 349 1488 ac
361 1429 474 1499 laboris,
496 1441 593 1488 tamen
608 1431 870 1510 commodissimum
885 1447 948 1487 esse
967 1431 1074 1500 statuit,
1089 1451 1191 1491 omnes

149 1529 163 1546 κ
198 1525 286 1576 naves
307 1509 439 1574 subduci,
454 1519 482 1564 et
496 1526 563 1564 cum
585 1509 686 1572 castris
706 1507 765 1565 una
785 1508 944 1566 munitIone
965 1509 1110 1586 conjungi.
1152 1510 1190 1569 ln

199 1583 243 1640 his
256 1585 342 1642 rebus
355 1586 470 1644 circiter
483 1586 545 1644 dies
565 1587 666 1643 decern
680 1585 833 1654 consumit,
849 1605 886 1644 ne
906 1588 1055 1645 nocturnis
1074 1588 1189 1664 quidem

155 1669 189 1722 15
199 1663 372 1740 temporibus
386 1666 422 1722 ad
442 1665 569 1723 laborem
583 1665 706 1722 militum
722 1663 899 1726 intermissis.
941 1666 1098 1724 Subductis
1111 1669 1191 1726 navi·

199 1742 263 1811 bus,
278 1743 434 1819 castrisque
457 1743 573 1820 egregie
595 1744 723 1813 munitis,
747 1745 864 1802 easdem
888 1745 994 1822 copias,
1019 1765 1090 1821 quas
1110 1745 1189 1816 antii,

199 1822 331 1899 prasidio
350 1823 471 1880 navibus
492 1823 624 1900 reliquit:
646 1823 706 1900 ipse
727 1822 840 1891 ebdem,
855 1824 933 1882 unde
953 1825 1085 1893 redierat,
1106 1825 1190 1902 proli·

200 1901 326 1960 cisoitur.
368 1900 412 1964 Εὸ
436 1921 524 1980 quum
546 1902 679 1970 venisset,
701 1901 823 1978 majores
841 1902 901 1979 jam
925 1903 1050 1978 undique
1070 1903 1101 1960 in
1123 1923 1190 1964 eum

190 1981 295 2046 ,locum
328 1980 416 2058 copia
452 1981 655 2042 Britannorum
689 1983 904 2050 convenerant,'
931 1982 1043 2040 summi
1076 1982 1190 2058 Imperii
1260 2051 1263 2060 1

153 2060 322 2137 20bellique
344 2061 562 2120 administrandi
586 2060 731 2118 wmmuni
753 2059 872 2119 consilio
889 2061 1028 2136 permissa
1049 2060 1192 2120 Cassivel-

199 2139 295 2206 launo,
309 2139 391 2215 cujus
411 2135 483 2210 fines
498 2159 515 2198 a
528 2138 677 2200 maritimis
695 2137 857 2195 civitatibus
869 2137 975 2195 flumen
989 2139 1100 2208 dividit,
1115 2143 1190 2216 quod
1280 2178 1281 2187 κ

200 2217 356 2294 appellatur
377 2218 521 2286 Tamesis,
537 2239 554 2276 a
574 2217 646 2278 mari
666 2216 781 2275 circiter
795 2215 884 2274 millia
903 2235 1039 2292 passuum
1060 2217 1189 2280 LXXX.

199 2295 278 2354 Huic
299 2299 444 2374 superiore
464 2308 591 2374 ternpore
612 2315 678 2356 cum
699 2295 814 2371 reliquis
827 2295 989 2354 civitatibus
1011 2298 1191 2358 continentia
1242 2339 1245 2344 n

198 2374 274 2432 bella¹
297 2375 536 2450 intercesserant:
565 2377 616 2434 sed
641 2386 738 2434 nostro
766 2374 889 2442 adventu
905 2374 1029 2451 permoti
1058 2375 1190 2437 Britanni

154 2459 190 2516 25
199 2454 277 2512 hunc
290 2443 430 2515 totffiello
443 2455 617 2532 imperioque
630 2455 826 2532 praefecerant.

167 2577 173 2594 ,
238 2533 310 2592 XII.
353 2535 509 2612 Britannia
522 2555 588 2612 pars
609 2534 725 2593 interior
747 2535 783 2592 ab
797 2533 832 2592 iis
853 2531 995 2602 incolitur,
1017 2553 1088 2614 quos
1107 2547 1191 2595 natos

178 2667 181 2672 .
200 2613 230 2671 in
245 2613 339 2671 insulsi
359 2613 420 2690 ipsi
441 2614 580 2674 memorii
598 2614 742 2691 proditum
763 2613 883 2671 dicunt:
904 2612 1046 2671 maritima
1066 2634 1133 2690 pars
1153 2617 1190 2674 ab

200 2693 246 2760 iis,
261 2693 307 2768 qui
321 2693 424 2768 praedae
439 2715 473 2752 ac
491 2694 559 2752 belli
574 2693 720 2785 inserentiss
730 2693 817 2750 causa
831 2711 867 2749 ex
880 2690 977 2767 Belgis
988 2691 1189 2764 'transierant;
1248 2705 1251 2714 '
1279 2699 1280 2735 ἓ

200 2771 248 2848 qui
267 2791 368 2829 ornnes
388 2771 448 2830 fere
470 2773 505 2830 iis
525 2772 690 2830 nominibus
709 2769 858 2827 divitarum
880 2771 1064 2846 apellantur,
1085 2771 1191 2847 quibus

154 2857 190 2912 30
199 2849 252 2908 orti
265 2869 301 2907 ex
315 2849 478 2926 unitatibus
498 2850 533 2908 ed
547 2861 747 2926 pervenerunt,
762 2858 791 2904 et
805 2847 880 2907 bello
893 2790 972 2908 illato
992 2850 1032 2907 ibi
1045 2869 1192 2909 remanse-

199 2939 280 3001 runt,
298 2939 381 3005 atque
404 2947 487 3005 agros
507 2928 600 2986 colere
625 2930 781 3004 ceperunt.
833 2925 994 2986 Hominum
1014 2940 1057 2986 est
1077 2929 1190 2989 infinita

199 3008 360 3085 multitudo,
382 3007 610 3084 creberrimaque
633 3005 764 3074 aedificia,
787 3004 847 3064 sere
869 3006 989 3066 Gallicis
1009 3007 1189 3068 consimilia:

181 3106 335 3163 ,pecorum
358 3107 480 3164 magnus
507 3107 651 3144 numerus.
693 3084 819 3144 Utuntur
847 3096 895 3143 aut
916 3105 981 3154 aare,
1004 3097 1052 3144 aut
1076 3088 1191 3146 annulis

199 3165 307 3239 ferreis,
323 3167 358 3224 ad
373 3177 483 3226 certum
496 3167 609 3242 pondus
622 3165 803 3233 examinatis,
817 3185 869 3241 pro
883 3184 1009 3224 nummo.
1051 3165 1190 3224 Nascitur

153 3251 189 3306 35
200 3244 240 3303 ibi
252 3245 401 3322 plumbum
416 3247 512 3304 album
527 3245 556 3302 in
571 3244 787 3302 mediterraneis
805 3244 980 3320 regionibus,
996 3244 1025 3302 in
1039 3245 1191 3303 maritimis

200 3325 324 3396 ferrum;
346 3326 395 3384 sed
416 3325 478 3402 ejus
498 3323 603 3399 exigua
622 3333 666 3380 est
688 3322 790 3400 copia:
813 3343 867 3380 aere
888 3333 1006 3383 utuntur
1030 3321 1191 3398 importata.

199 3402 326 3464 Materia
348 3402 632 3483 cujusquegeueris,
654 3411 686 3459 ut
709 3401 739 3460 in
760 3401 865 3471 Gallie,
890 3413 943 3471 cst,
966 3411 1067 3479 prater
1091 3400 1193 3477 fagum

199 3491 284 3556 atque
299 3485 431 3544 abietem.
472 3481 623 3558 Leporem,
638 3491 666 3538 et
676 3480 823 3558 gallinam,
835 3493 864 3540 et
878 3499 1006 3540 anserem
1017 3488 1133 3554 gustare
1149 3483 1193 3542 sas

198 3579 256 3618 non
264 3573 368 3636 putant
375 3585 383 3634 ;
398 3565 459 3622 haec
467 3572 564 3621 tamen
574 3560 653 3619 alunt
662 3558 962 3637 animivoiuptatisque
970 3557 1068 3616 causa.
1110 3559 1194 3621 Loca

153 3645 189 3700 40
199 3650 265 3696 sunt
274 3642 484 3718 temperatiora,
499 3639 584 3717 quam
598 3639 628 3696 in
642 3639 747 3708 Gallia,
761 3637 968 3698 remissioribus
981 3635 1143 3714 frigoribus.

141 3757 158 3766 --
239 3717 328 3777 XIII.
370 3719 470 3780 Insula
479 3719 583 3779 natura
593 3717 739 3794 triquetra,
751 3718 833 3796 cujus
844 3735 933 3775 unum
943 3714 1018 3776 latus
1032 3727 1076 3776 est
1090 3730 1194 3780 contra

201 3797 333 3858 Galliam.
376 3799 472 3876 Hujus
492 3798 589 3858 lateris
610 3797 680 3855 alter
702 3799 833 3875 angulus,
847 3795 896 3870 qui
917 3797 1018 3854 estad
1040 3797 1192 3867 Cantium,

202 3876 259 3955 qud
282 3877 341 3937 iere
368 3898 469 3938 ornnes
489 3897 525 3938 ex
547 3877 642 3936 Gallia
663 3895 750 3934 naves
777 3874 966 3954 appellantur,
992 3877 1028 3934 ad
1051 3877 1194 3936 orientem

205 3958 311 4032 solem3
331 3957 447 4022 inferior
460 3959 495 4018 ad
505 3956 654 4016 meridiem
664 3963 782 4032 spectat.
824 3953 891 4014 linc
900 3954 976 4014 latus
986 3966 1065 4014 tenet
1074 3953 1195 4015 circiter
