2564 4422
161 339 219 402 ΠΒ
533 331 582 382 nn
598 327 716 382 BELLO
734 327 895 379 ethnico

249 475 367 538 XXXI.
408 473 475 534 Nec
497 474 604 542 minda,
627 471 715 550 qudru
740 482 784 530 ast
806 469 959 548 pollicitus,
984 469 1207 550 Vercingetorix

88 585 90 594 ⁴
210 559 306 618 animo
337 555 486 614 laborabat
515 565 553 612 ut
585 552 708 628 reliquas
738 551 868 609 civitates
902 549 1091 626 adjungerem
1123 564 1206 630 atque

209 657 308 696 aarum
328 634 472 712 principes
497 631 580 692 donis
599 630 908 709 pollicitationibusque
930 629 1084 688 alliciebat
1127 631 1206 694 Huic

179 715 186 724 '
209 716 252 776 rei
272 715 391 774 idoneos
411 713 542 772 bomines
563 711 717 788 deligebat,
731 727 852 787 quorum
865 707 986 786 quisque
1007 719 1058 767 out
1076 711 1206 772 oratioue

176 795 340 862 5aubdeII,
365 804 415 852 aut
439 791 567 852 amicitie
590 788 726 849 facillime
750 788 816 866 capi
839 797 943 865 posset.
991 787 1055 852 Qui
1080 790 1206 852 Avarico

210 883 373 952 expugnato
383 874 557 949 refugerant,
570 871 721 928 armandos
735 868 953 944 vestiendosque
966 878 1058 927 curat
1102 869 1204 940 filmul

209 965 241 1012 ut
260 954 409 1014 diminute
430 951 520 1028 sopite
541 950 813 1027 redintegrarentur,
828 947 949 1024 imperat
972 957 1086 1006 eanum
1106 967 1205 1008 nume·

209 1051 275 1092 rum
289 1032 413 1091 militum
429 1029 607 1098 civitatibus,
621 1047 716 1106 ῳοιιι,
728 1039 759 1086 et
772 1045 858 1104 quam
879 1027 1039 1085 antediem
1060 1027 1092 1086 in
1112 1040 1204 1090 cama

122 1117 125 1126 ’
210 1112 315 1174 adduci
328 1110 417 1180 relit3
438 1110 663 1188 saggitariosque
684 1127 795 1176 omues,
807 1126 929 1183 quorum
950 1117 1012 1166 erat
1031 1125 1204 1186 permagnus

123 1190 193 1252 a„
209 1191 239 1250 iu
252 1190 348 1250 nolit
368 1209 515 1258 numerus,
530 1189 660 1265 conquiri
680 1199 710 1246 et
722 1188 759 1245 ad
773 1205 804 1244 se
825 1186 899 1245 mitti
910 1187 1001 1264 jubet
1043 1186 1101 1244 His
1120 1187 1204 1246 rebus

210 1271 339 1330 celeriter
373 1270 413 1338 id,
439 1270 516 1346 quod
543 1267 663 1326 Avarici
690 1266 861 1344 deperierat,
891 1265 1030 1343 expletur.
1084 1265 1204 1326 Interim

210 1347 411 1417 Teutouianss,
432 1347 610 1406 Olloviconis
624 1346 709 1420 lilius,
729 1365 781 1404 rex
800 1345 1008 1423 Nitiobrigum,
1022 1345 1106 1421 eujus
1125 1357 1204 1422 peter

210 1429 247 1486 ab
261 1430 371 1488 aeaco
384 1438 482 1486 nosne
493 1426 606 1484 amicus
618 1437 681 1484 erat
695 1425 862 1504 appellenis,
877 1443 945 1484 cum
957 1443 1062 1502 magno
1074 1425 1204 1500 equitum

197 1525 325 1564 umorum
346 1525 476 1576 numero,
498 1517 528 1564 et
548 1525 619 1582 quoa
639 1525 678 1564 es
699 1504 858 1581 Aquitani&
878 1504 1063 1572 conduxerat,
1079 1504 1117 1565 ad
1139 1523 1204 1566 eum

161 1589 194 1644 u
247 1585 346 1642 rvenit.
684 1641 686 1646 ,
1149 1617 1154 1629 -

209 1605 384 1723 peXXXII.
425 1664 535 1733 Cesar,
564 1663 682 1723 Avarici
715 1663 878 1744 eomplures
909 1663 986 1735 dies¹
1003 1663 1204 1732 commatris,

211 1763 407 1820 aimmuuque
419 1743 460 1802 ibi
474 1745 586 1822 copiam
597 1743 733 1802 frumeuti
745 1754 776 1802 et
784 1742 887 1820 reliqui
900 1743 1081 1802 commeatis
1092 1753 1204 1812 nactas,

210 1824 369 1882 eumenum
383 1843 420 1882 ex
437 1823 536 1886 labore
558 1823 754 1900 atqueinopii
767 1822 876 1882 reiecit.
918 1821 986 1880 Jam
1000 1841 1090 1900 prope
1103 1823 1205 1899 hyeme

211 1903 354 1972 confecti,
369 1923 457 1980 quum
472 1904 534 1982 ipae
547 1903 618 1961 anni
630 1914 758 1980 tempora
778 1903 816 1961 ad
827 1903 988 1980 gerendam
1001 1901 1110 1960 mbram
1123 1921 1206 1960 roca-

159 1980 196 2040 Μ
210 1993 297 2051 retur,
325 1993 354 2041 et
384 1984 422 2041 ed
448 1983 559 2047 bostem
584 1983 729 2060 proficisci
754 1981 959 2049 constituisset,
986 1981 1047 2038 sive
1072 1999 1140 2040 eum
1168 2001 1205 2040 ex

209 2061 364 2138 paludibus
384 2061 525 2136 sylnisquo
546 2061 662 2128 elicere,
685 2062 746 2118 aira
765 2060 914 2118 obsidione
937 2077 1069 2136 premere
1091 2070 1205 2137 posset3

210 2139 299 2215 legati
326 2141 362 2197 ed
395 2158 462 2196 eum
487 2139 633 2229 principes
660 2138 822 2198 AEduorum
848 2138 968 2196 veniunt
992 2148 1117 2208 oratum,
1145 2137 1206 2198 ‘llt

210 2215 336 2276 maxime
358 2236 520 2276 necessario
541 2227 668 2293 tempore
689 2217 798 2276 civitati
821 2218 988 2278 subveniat:
1009 2237 1124 2278 summo
1143 2220 1216 2278 asae'

211 2295 242 2353 in
254 2295 384 2372 periculo
403 2313 482 2366 rem3
503 2294 590 2372 quod,
611 2313 699 2372 quum
719 2296 826 2374 singuli
846 2297 1029 2374 magistratus
1050 2297 1206 2374 antiqubrm

160 2376 196 2432 ὕ
212 2373 314 2442 creari,
326 2386 410 2450 atquo
423 2375 533 2452 regiam
543 2386 712 2452 potestatem
725 2395 851 2434 annnam
863 2376 994 2434 obtinere
1004 2377 1205 2446 consuessent,

212 2454 270 2513 duo
282 2454 480 2532 magistratum
493 2467 604 2533 gerant,
619 2466 649 2513 et
660 2463 692 2513 se
707 2466 825 2532 uterque
838 2474 937 2514 eorum
951 2456 1063 2534 legibus
1077 2467 1206 2516 creatum

211 2553 274 2592 esse
295 2533 381 2592 dicat.
423 2535 612 2616 Horum'esse
634 2535 755 2594 alterum
769 2534 1040 2605 Conuictolitauem,
1055 2535 1206 2596 florentem

211 2624 240 2673 et
260 2612 398 2672 illustrem
420 2615 650 2686 erlclescentem
673 2615 792 2674 alterurn
814 2615 930 2684 Cotum,
944 2615 1145 2692 antiquissimi
1165 2617 1208 2680 n-

211 2691 291 2752 milit
317 2706 428 2763 natum,
456 2706 540 2772 atque
571 2694 664 2771 ipsum
691 2694 837 2752 hominem
863 2713 983 2752 summe
1009 2695 1145 2771 potentie
1176 2707 1207 2754 et

160 2773 197 2830 dd
211 2792 324 2848 magne
349 2773 544 2849 cognationis3
567 2774 650 2849 eujus
677 2773 762 2831 irater
783 2774 952 2834 Valetiacus
974 2773 1104 2851 proximo
1129 2793 1209 2834 nuno

68 2917 71 2928 Ι
211 2851 335 2909 eundem
369 2851 567 2927 magistratum
593 2852 735 2930 gesserit:
769 2852 916 2912 civitatem
941 2871 1056 2912 omnem
1083 2871 1149 2912 esse
1174 2854 1207 2912 in

184 2929 307 2999 eumn,
335 2930 457 2988 divisum
485 2931 634 2999 Senatum,
659 2931 781 2990 divisum
804 2933 951 3010 populum,
975 2951 1042 2991 suas
1065 2933 1207 3010 cujusque

211 3028 309 3070 eorum
331 3009 489 3069 clientelas.
529 3009 621 3073 Quod
642 3011 667 3069 si
679 3011 788 3078 diutius
807 3013 898 3071 alatur
911 3011 1116 3080 controversia,
1137 3014 1206 3080 lore,

175 3131 191 3146 a
210 3087 253 3146 uti
266 3108 333 3164 pus
345 3109 413 3148 cum
432 3102 514 3166 parte
527 3089 650 3148 civitatis
663 3090 817 3168 confligat:
839 3092 870 3150 id
889 3111 927 3150 ua
941 3091 1066 3161 accidat,
1080 3093 1206 3169 pesitum

1 3167 15 3242 ᾗ
159 3166 203 3224 ab
211 3165 242 3225 in
256 3167 318 3244 ejus
331 3168 482 3246 diligantid
496 3180 581 3244 atque
594 3170 782 3228 auctoritate!
1181 3191 1188 3210 ¹

1 3239 16 3331 j*
140 3251 161 3294 '-
249 3246 400 3307 XXXIII.
442 3247 551 3316 Cesar,
585 3249 639 3306 etsi
673 3269 690 3307 a
720 3250 796 3309 bello
822 3260 906 3327 atque
940 3251 1021 3310 hosta
1054 3251 1207 3310 discedere

209 3328 446 3388 detrimentosum
459 3345 523 3386 esse
535 3327 727 3398 existimabat,
741 3340 849 3402 temen,
863 3349 922 3389 non
936 3329 1083 3408 ignorans,
1097 3342 1206 3407 quanta

209 3425 246 3465 ex
267 3408 494 3468 dissensionibus
514 3408 697 3470 incommoda
715 3409 784 3468 oriri
805 3409 1004 3482 consuessent,
1018 3428 1056 3466 ne
1074 3420 1158 3468 tanta
1177 3419 1204 3467 et

209 3494 269 3542 tam
292 3489 448 3569 conjuncta
471 3487 580 3565 Populo
603 3487 738 3548 Romano
761 3481 983 3565 civitas,'quarn
1007 3488 1069 3564 ipse
1092 3507 1206 3566 semper

49 3587 52 3594 ¹
158 3565 195 3620 40
211 3561 336 3632 donet,
357 3568 547 3644 ornnibusque
567 3568 653 3626 rebus
673 3568 813 3636 eruisset,
837 3569 873 3627 ad
886 3567 944 3625 vim
966 3577 1051 3642 atque
1073 3569 1111 3626 ed
1127 3587 1206 3626 arana

159 3673 165 3682 ·
209 3641 407 3714 descenderet,
422 3658 507 3727 atque
520 3665 644 3724 sapere,
677 3665 722 3705 ue
735 3646 833 3706 minus
846 3647 901 3705 sibi
915 3646 1084 3716 confideret,
1099 3647 1206 3707 auxilia

210 3720 477 3802 Uercingetorige
491 3736 658 3794 arcesseret,
692 3727 742 3784 uic
761 3727 804 3786 rai
816 3727 1046 3804 premteadun
1059 3727 1206 3786 existima·

209 3797 267 3869 vit;
288 3810 318 3856 et
330 3799 408 3875 pred
421 3803 533 3876 legibus
548 3805 709 3864 AEduomm
722 3806 768 3874 iis,
781 3805 831 3882 qui
844 3823 990 3864 mnam
1002 3806 1203 3882 magistratum

209 3876 382 3946 obtinerent,
396 3880 537 3939 excedere
556 3902 594 3941 ex
610 3883 718 3943 tinibus
737 3903 797 3944 nou
816 3883 928 3954 liceret,
950 3884 1072 3964 nequid
1085 3885 1124 3944 ds
1141 3885 1205 3964 jure
