2564 4422
153 304 196 368 ω
271 303 273 308 ·
520 297 569 365 nn
585 295 702 348 annno
720 289 879 346 ornntco

205 443 413 520 diigenterque
424 441 526 500 faciet:
546 437 696 517 perscribit
709 438 739 495 in
749 437 849 504 literis,
862 435 984 494 ‘Hostes
997 436 1034 493 ab
1047 454 1080 493 se
1088 435 1194 494 disces·

206 522 287 590 sisse,
301 539 472 597 omnemque
487 520 602 584 adeum
615 516 828 574 multitudinem
842 514 1035 572 convertisse!
1077 513 1193 575 Quibus
1243 538 1247 557 =

206 599 296 658 literis
308 599 423 657 circiter
445 597 542 656 medii
553 605 637 656 nocte
651 595 752 662 allatis,
767 594 866 652 Cesar
879 612 944 650 suos
965 592 1035 650 lacit
1047 593 1193 658 certiores.

206 697 311 754 eosque
333 677 370 735 ad
387 676 584 735 dimicandum
607 674 703 731 animo
720 672 887 730 confirmat:
915 681 1028 747 postero
1047 671 1106 739 die,
1130 670 1194 728 luce

102 777 108 788 ·
174 757 309 833 '5·primd,
326 766 419 814 moret
440 763 542 821 castra,
556 763 586 811 et
598 752 713 810 circiter
733 751 823 808 millia
842 769 977 826 passuum
998 760 1120 824 quatuor
1132 769 1195 826 pro-

207 854 333 912 gressus,
346 845 424 892 trans
434 833 535 890 vellem
549 850 684 908 magnam
698 840 727 888 et
737 830 838 896 rivum,
849 829 1061 885 multitudinem
1073 827 1194 885 hostium

208 914 400 990 conspicatur.
451 911 522 968 Erat
547 910 646 986 magni
670 909 791 986 periculi
817 927 873 974 res,
900 925 966 963 cum
992 907 1081 964 tantis
1107 907 1194 982 copiis

209 993 307 1068 iniquo
325 991 388 1048 loco
410 988 557 1047 dimicare.
599 988 689 1056 Tum,
711 987 845 1064 quonism
871 985 1021 1044 liberatum
1048 985 1194 1042 obsidione

210 1069 381 1128 Ciceronem
402 1068 522 1136 sciebat,
536 1066 628 1143 ebquc
645 1067 763 1125 omnino
776 1064 978 1122 remittendum
991 1065 1027 1120 de
1050 1063 1194 1121 celeritate

166 1159 201 1212 1⁰
210 1147 400 1215 existimabat,
417 1147 558 1215 consedit,
572 1157 610 1213 et,
624 1144 710 1220 quim
731 1142 891 1218 equissimo
904 1152 996 1218 potest
1015 1142 1089 1209 loco,
1105 1153 1195 1199 castra

210 1226 376 1286 communit.
417 1228 514 1302 Atque
535 1225 607 1291 hec,
622 1223 675 1280 etsi
693 1232 776 1279 erant
795 1221 900 1296 exiguo
913 1241 962 1297 per
984 1240 1025 1288 se,
1040 1221 1088 1276 vix
1109 1221 1195 1278 homi-

210 1325 280 1364 num
294 1305 414 1363 millium
427 1302 498 1370 VII,
511 1301 668 1378 presertim
681 1300 768 1372 nullis
781 1318 848 1356 cum
864 1299 1087 1374 impedimentis,
1101 1305 1195 1357 tamen

211 1383 350 1458 angustiis
363 1383 482 1447 viarum,
496 1379 582 1455 qudm
596 1377 720 1436 maxime
734 1388 835 1454 potest,
850 1378 1005 1444 contrahit,
1019 1397 1054 1436 eo
1067 1378 1194 1445 consilio,

211 1471 242 1518 ut
265 1460 295 1516 in
322 1477 462 1516 summam
489 1457 729 1533 contemptionem
756 1455 884 1514 hostibus
910 1456 1014 1513 veniet.
1066 1456 1195 1524 Interim,

168 1549 202 1602 15
211 1537 435 1614 speculatoribus
455 1536 486 1594 in
506 1555 606 1594 omnes
626 1546 721 1612 partes
741 1534 874 1601 dimissis,
896 1534 1034 1609 explorat,
1048 1548 1106 1609 qno
1118 1554 1197 1593 com-

131 1650 135 1659 ,
211 1615 376 1674 modissimo
390 1615 492 1674 itinere
505 1615 608 1674 vallem
621 1615 743 1672 transire
756 1613 852 1689 possit.

133 1662 187 1730 k
251 1694 285 1753 1,
326 1695 370 1753 Eo
390 1694 448 1762 die,
468 1694 594 1770 parvulis
614 1693 792 1769 equestribus
806 1691 911 1768 praeliis
932 1693 967 1750 ad
982 1711 1085 1766 aquam
1108 1693 1196 1759 factis,

212 1775 324 1850 utrique
334 1793 397 1832 sese
410 1783 462 1832 suo
474 1774 539 1832 loc‘o
552 1773 716 1831 continent:
737 1771 823 1842 Gaui,
837 1769 914 1845 qubd
929 1771 1078 1844 ampliores
1092 1771 1197 1848 copias,

213 1873 276 1929 que
302 1855 430 1912 nondum
454 1862 657 1919 convenerant,
681 1850 908 1925 exspectabant3
928 1848 1050 1922 illesas,
1078 1849 1103 1905 si
1128 1848 1197 1908 lorti

167 1932 322 1996 wtimoris
342 1931 522 1989 simulatione
543 1933 637 1989 hostes
658 1929 688 1986 in
708 1945 793 2014 squm
812 1927 907 1985 locum
920 1927 1025 1984 elicere
1040 1939 1147 2002 posset,
1172 1939 1200 1986 ut

209 2011 287 2090 ,citra
299 2011 402 2068 vellem
422 2028 473 2084 pro
486 2009 587 2066 castris
599 2007 696 2083 prelio
709 2007 911 2075 contenderem
932 2005 956 2062 si
965 2006 999 2061 id
1014 2007 1131 2065 efficere
1144 2023 1213 2064 non*

213 2098 317 2164 posset,
336 2098 377 2154 ut,
398 2087 551 2162 exploratis
564 2085 723 2151 itineribus,
739 2084 848 2141 minore
869 2103 936 2141 cum
957 2084 1087 2160 periculo
1101 2087 1200 2144 vallem

213 2165 360 2238 rivumque
373 2157 532 2220 subitost
555 2163 651 2220 Primt
672 2162 737 2220 luce
758 2162 882 2220 hostium
897 2162 1039 2238 equitatus
1058 2166 1095 2220 ad
1110 2177 1201 2222 castra

215 2241 336 2308 secedit,
350 2241 535 2317 praeliumque
548 2260 615 2298 cum
629 2240 732 2300 nostris
745 2241 888 2316 equitibus
901 2241 1061 2312 committit.
1105 2245 1202 2300 Caesar

64 2349 69 2357 ·
169 2331 204 2384 25
213 2317 344 2378 consultis
359 2319 467 2395 equites
481 2322 593 2390 cedere,
606 2339 691 2395 seque
706 2319 736 2377 in¹
750 2331 843 2378 castra
857 2318 1079 2396 recipere-jubet
1087 2343 1094 2392 ;
1117 2321 1202 2379 simul

213 2417 250 2456 ex
272 2397 404 2457 omnibus
426 2399 554 2477 partibus
577 2410 671 2457 castra
695 2399 792 2458 altiore
816 2399 888 2457 vallo
911 2398 1028 2467 muniri,
1051 2405 1202 2476 postesque

213 2477 332 2545 obstrui,
360 2490 443 2554 atque
471 2479 500 2537 in
527 2479 572 2537 his
599 2477 830 2540 administrandis
852 2478 937 2534 rebus
963 2476 1049 2552 qudm
1076 2478 1201 2538 maxime

214 2558 390 2627 concursari,
404 2570 433 2617 et
446 2579 514 2617 cum
527 2557 707 2616 simulatione
721 2556 830 2615 timoris
844 2556 891 2631 agi
901 2557 991 2633 jubet.

162 2689 164 2693 Α
254 2635 305 2695 LI.
345 2637 462 2699 Quibus
482 2638 615 2713 omnibus
636 2636 722 2693 rebus
742 2636 837 2694 hostes
859 2635 970 2692 invitati
994 2636 1090 2711 copias
1111 2648 1204 2694 trans·

169 2727 206 2782 3⁰
215 2717 334 2783 ducunt,
355 2717 502 2791 aciemque
516 2716 614 2790 iniquo
626 2715 690 2771 loco
703 2713 897 2782 constituunt3
918 2715 1022 2773 nostris
1034 2711 1101 2770 verb
1114 2715 1205 2772 etiam

216 2796 251 2850 de
265 2793 338 2850 vello
358 2794 498 2859 deductis,
512 2791 629 2868 propiiis
648 2793 800 2858 accedunt,
814 2803 842 2848 et
857 2792 913 2850 tela
926 2793 1002 2851 intra
1014 2793 1205 2852 munitionem

215 2871 391 2929 exomnibus
399 2871 526 2947 partibus
534 2871 710 2946 conjiciunt,
731 2870 966 2946 preconibusque
977 2870 1086 2929 circbm
1098 2872 1204 2940 missis,

215 2949 399 3028 pronunciari
409 2951 530 3026 jubent:
553 2951 630 3008 ‘Seu
643 2949 706 3025 quis
719 2949 819 3006 Gallus
829 2969 880 3006 seu
891 2949 1043 3008 Romanus
1056 2951 1125 3010 velit
1137 2963 1206 3010 ante

216 3031 315 3086 boram
336 3029 448 3088 tertiam
470 3030 506 3088 nd
527 3049 557 3088 se
580 3029 711 3096 transire,
734 3028 795 3086 sine
815 3029 943 3104 periculo
964 3031 1069 3099 licere,
1090 3041 1155 3106 post
1176 3031 1206 3087 id

101 3155 103 3158 .
172 3117 328 3182 astempns
341 3127 399 3165 non
420 3108 480 3164 fore
500 3108 697 3184 potestatem?
718 3127 752 3164 ac
766 3107 808 3164 sib
829 3118 941 3166 nostros
961 3120 1206 3183 contempserunt,

217 3197 258 3255 ut,
278 3185 430 3245 obstructis
452 3185 621 3261 inspeciem
642 3186 729 3260 portis
743 3185 864 3260 singulis
884 3186 1033 3244 ordinibus
1053 3189 1206 3262 cespitum,

216 3265 293 3340 qubd
306 3286 343 3324 ea
355 3283 413 3324 non
426 3283 508 3340 posse
523 3263 728 3340 imorumpere
743 3264 921 3333 videbantur,
937 3265 985 3322 alii
998 3265 1102 3322 vellum
1116 3285 1208 3326 manu

217 3346 359 3414 scindere,
374 3344 423 3402 alii
444 3344 532 3402 fossas
552 3344 694 3418 complere
714 3343 882 3418 inciperent.
923 3343 1002 3401 Tum
1019 3342 1128 3408 Caesar,
1145 3365 1208 3404 om·

218 3420 303 3479 nibus
328 3424 416 3500 portis
442 3421 590 3500 eruptione
615 3422 701 3489 lecte,
725 3421 908 3500 equitatuque
933 3419 1046 3485 emisso,
1071 3419 1206 3510 celeriter

172 3505 209 3558 40
219 3497 313 3556 hostes
326 3504 374 3560 dat
387 3503 418 3560 in
429 3504 536 3580 fugam,
550 3499 602 3569 sic,
617 3499 658 3558 uti
668 3500 787 3558 omnino
799 3499 946 3577 pugnandi
959 3497 1048 3555 causi
1060 3511 1207 3564 resisteret

219 3593 321 3665 nemo;
347 3599 540 3669 megnumque
560 3599 597 3642 er
617 3579 653 3637 iis
678 3597 829 3638 numerum
852 3576 968 3644 occidit,
993 3585 1078 3652 etque
1103 3596 1206 3641 omnes

220 3671 307 3712 armis
320 3667 408 3713 eruit.

260 3732 325 3792 LII.
367 3733 496 3809 Longius
520 3737 653 3814 prosequi
674 3736 789 3803 veritus,
812 3732 889 3810 qubd
914 3730 1118 3811 sylvmpuud
1189 3759 1205 3796 e

221 3812 446 3876 intercedebant,
460 3830 553 3886 neque
570 3816 658 3874 etiam
671 3814 788 3890 pervolo
800 3811 972 3874 decimentc
985 3814 1097 3873 illoram
1157 3827 1206 3876 um
