2564 4422
448 357 556 410 umus
570 357 754 412 seramus.
1051 398 1057 412 .
1089 365 1146 426 lea

107 503 259 580 imperium
272 501 490 577 libertatemque
503 521 533 560 se
544 503 680 578 consequi
691 503 825 562 rideant!
866 504 922 564 llis
935 507 1096 566 constitutis

106 583 203 650 rebus,
219 581 325 640 AEduis
343 580 577 656 Segusiauisque,
595 583 643 658 qui
662 593 727 640 sunt
749 583 863 641 finitimi
883 583 1051 654 Provinciae,
1065 587 1095 644 X

105 661 197 718 millia
222 659 352 737 peditum
379 658 518 734 imperat:
553 661 609 717 buc
636 661 721 718 addit‘
741 661 851 735 equites
874 662 990 722 DCCC.
1040 665 1096 722 ilis

104 739 233 816 prefecit
248 739 363 796 fratrem
377 737 587 814 Eporedorigis,
599 739 761 814 bellumque
774 741 879 798 inferre
893 741 1095 818 Allobrogibus

100 817 191 894 jubet
236 817 337 873 Alteri
350 835 386 872 ex
403 823 483 890 purte
496 817 622 876 Gabalos
641 817 839 894 proximosque
852 838 941 896 pagos
954 821 1095 880 Arverno·
1127 833 1145 885 ⁵

103 896 212 972 rumin
228 893 357 960 Helvios,
372 893 439 950 item
449 893 582 952 Rutenos
595 895 798 971 Cadurcosque
813 899 849 955 ad
860 898 932 956 fines
940 898 1094 958 Volcarum

102 973 343 1032 Arecomicorum
352 973 564 1047 depopulandos
572 974 665 1031 mittit.
708 973 1095 1035 Nihilominusclandestinis

103 1052 221 1111 nunciis
240 1050 488 1126 legationibusque
502 1052 673 1128 Allobrogas
688 1053 830 1122 sollicitat,
844 1073 963 1130 quorum
984 1067 1094 1113 mentes

104 1131 232 1189 nondum
248 1129 285 1186 ab
305 1129 449 1204 superiore
463 1130 537 1187 bello
555 1130 694 1188 resedisse
708 1133 847 1207 sperabat.
890 1133 1001 1191 Horum
1019 1135 1094 1210 prin·

104 1209 218 1284 cipibus
249 1207 398 1284 pecunius,
413 1207 521 1265 civitati
543 1219 638 1266 autem
660 1209 811 1285 imperimn
830 1211 917 1269 totius
937 1212 1094 1270 Provinciae
1110 1221 1145 1276 lo

142 1287 264 1345 llicctur.

102 1307 239 1424 PoLXll.
282 1366 331 1422 Ad
352 1366 405 1422 hos
416 1385 517 1422 omnes
527 1383 611 1422 casus
623 1366 735 1442 provisa
747 1378 830 1426 erant
850 1369 983 1444 presidia
996 1372 1095 1428 cohor·

104 1444 176 1502 tium
203 1445 324 1500 duarum
348 1453 377 1500 et
398 1444 509 1520 viginti,
530 1463 592 1518 quae
618 1464 655 1502 ex
676 1445 738 1521 ipsri
760 1457 862 1504 coacta
882 1447 1033 1506 Provincii
1057 1450 1093 1506 ab

104 1521 139 1580 L.
155 1522 271 1578 Caesare
285 1522 380 1598 legato
393 1523 428 1580 ad
439 1541 539 1580 omnes
551 1532 646 1598 partes
655 1525 878 1601 opponebantur.
921 1526 1026 1594 Helvii,
1042 1530 1093 1586 sut

103 1611 210 1675 sponte
224 1618 290 1658 cum
299 1599 427 1657 finitimis
440 1599 537 1676 praelio
550 1603 705 1676 congressi,
720 1602 872 1677 pelluntur,
886 1615 915 1662 et
928 1605 963 1661 C.
977 1607 1094 1666 Valerio
1110 1613 1144 1668 15

105 1677 286 1744 Donotaurc,
309 1679 417 1737 Caburi
443 1679 510 1746 lilio,
532 1679 661 1754 principe
688 1679 820 1747 civitatis,
845 1682 1093 1758 compluribusque

105 1757 174 1814 aliis
195 1755 448 1824 interfectis,·intru
464 1757 569 1833 oppida
589 1775 739 1832 murosque
759 1757 974 1833 compelluntur.
1016 1760 1095 1818 Allo·

105 1835 220 1910 bruges,
247 1835 353 1905 crebris
380 1837 416 1892 ad
443 1836 620 1893 Rhodanum
646 1835 788 1912 dispositis
813 1836 963 1911 presidiis,
987 1840 1093 1914 magni

104 1933 172 1972 cum
187 1913 258 1971 curri
277 1913 469 1990 etliiligentiri
489 1933 555 1972 suos
569 1914 641 1970 fines
654 1925 777 1971 tuentur.
819 1914 926 1986 Cesar,
940 1914 1016 1990 quod
1031 1918 1094 1973 hos-

104 1993 284 2067 tescquitatu
298 1993 456 2068 superiores
464 2012 527 2050 esse
541 1992 727 2070 intelligebat,
736 2004 774 2059 et,
789 1993 951 2050 interclusis
960 1994 1093 2052 omnibus
1106 1999 1143 2056 ω

104 2071 265 2139 itineribus,
277 2071 357 2130 nulli
369 2091 400 2128 re
414 2091 450 2128 ex
460 2071 611 2130 Provinciis
624 2071 707 2146 atque
720 2071 806 2130 Italia
819 2072 960 2130 sublevari
972 2082 1091 2149 poterat,

74 2201 76 2204 .
105 2160 184 2208 treus
205 2149 397 2208 Rhenum'in
418 2149 604 2208 Germaniam
625 2151 711 2210 mittit
735 2152 770 2208 ad
791 2171 842 2208 eas
862 2151 1001 2220 civitates,
1023 2171 1094 2228 quas

104 2229 298 2304 asperioribus
320 2228 404 2286 annis
422 2241 585 2303 pacaverat,
609 2229 774 2306 equitesque
798 2231 835 2287 ab
856 2231 901 2288 his
922 2231 1039 2290 arcessit
1064 2241 1093 2290 et

104 2306 176 2364 levis
200 2317 349 2364 armaturae
369 2308 490 2383 pedites,
504 2307 552 2382 qui
566 2308 640 2366 inter
663 2327 712 2366 eos
734 2310 856 2385 praeliari
877 2305 1092 2369 consueverant.

86 2385 214 2442 .I·lorum
248 2386 382 2452 adventu,
405 2385 486 2460 -qudd
514 2385 609 2444 minius
642 2387 752 2444 idoneis
778 2387 859 2460 equis
886 2390 1048 2457 utebantur,
1076 2393 1143 2449 effi

103 2463 228 2521 tribunis
248 2465 370 2522 militurn
384 2464 564 2540 reliquisque,
579 2465 629 2522 sed
643 2476 672 2523 et
685 2463 836 2540 Equitibus
849 2463 991 2522 Romanis
1010 2478 1092 2542 atque
1220 2463 1225 2478 '

103 2543 241 2608 evocatis,
256 2561 344 2618 equos
357 2543 453 2614 sumit,
466 2544 674 2618 Germanisque
688 2541 838 2600 distribuit.

145 2620 256 2679 LXVI.
298 2621 423 2689 Interea,
451 2623 519 2679 dum
544 2623 606 2679 haec
629 2629 775 2697 geruntur,
801 2620 924 2678 hostium
945 2620 1034 2694 copiae
1058 2638 1094 2678 ex

105 2700 254 2766 Arvernis,
275 2701 514 2776 equitesque-qui
536 2701 587 2758 toti
604 2699 705 2757 Galliae
726 2709 807 2757 erant
828 2698 969 2774 imperati,
991 2717 1094 2756 conve·

104 2779 197 2836 niunt.
241 2779 350 2854 lllagno
359 2780 459 2836 horum
473 2789 575 2837 coacto
588 2798 716 2846 numero,
730 2797 817 2852 quum
831 2777 928 2835 Caesar
942 2777 972 2835 in
987 2777 1094 2852 Sequa·
1108 2781 1144 2837 ³⁰

104 2875 157 2914 uos
179 2877 229 2932 per
250 2869 391 2915 extremos
413 2859 577 2933 Lingonum
599 2858 671 2915 lines
691 2858 744 2915 iter
766 2858 881 2923 laceret,
900 2856 957 2931 qud
981 2855 1095 2914 iaciliirs

87 2936 267 2993 ‘subsidium
289 2937 446 2993 Provinciae
469 2937 534 2994 ferri
547 2947 651 3011 posset,
671 2937 785 2994 circiter
807 2936 897 2992 millia
908 2954 1043 3010 passuum
1064 2934 1095 2991 X

82 3016 142 3071 *ab
165 3015 308 3072 Romanis
328 3015 410 3076 trinis
426 3015 533 3072 ¹castris
546 3015 766 3091 Vercingetorix
787 3013 934 3082 consedit3
956 3031 1095 3072 convoca·

104 3093 198 3168 tisque
226 3095 262 3150 ad
290 3094 451 3151 concilium·
477 3093 619 3170 prefectis
645 3094 782 3168 equitum,
811 3093 950 3150 ‘Venisse
984 3103 1096 3168 tempus

104 3171 249 3229 victorie'
285 3173 475 3230 demonstrat:
511 3173 629 3248 ‘lugere
665 3173 694 3231 in
721 3171 902 3230 Provinciam
936 3171 1094 3238 Romanos,
1110 3175 1146 3230 35

104 3249 259 3326 Galliique
279 3252 436 3309 excedere:
458 3251 487 3308 id
501 3251 555 3307 sibi
577 3253 612 3308 ad
632 3262 800 3327 presentem
815 3251 999 3308 obtinendam
1014 3248 1096 3306 liber·

104 3339 194 3386 tatem
222 3327 291 3386 satir
315 3349 397 3398 esse3
423 3331 458 3387 ad
485 3329 585 3403 reliqui
612 3331 747 3406 temporis
769 3347 869 3407 paoem
897 3339 980 3402 atque
1005 3326 1097 3384 otium

103 3427 206 3483 parum
240 3407 361 3481 proficii
394 3408 549 3483 majoribus
572 3409 650 3466 enirn
677 3408 784 3466 coactis
810 3405 900 3481 copiis
926 3424 1096 3475 reversuros,

104 3505 200 3561 neque
235 3487 321 3544 linem
354 3486 422 3544 belli
456 3487 589 3544 facturos.
643 3487 766 3544 Proinde
800 3485 914 3559 agmine
947 3483 1098 3560 impeditos

104 3565 282 3622 adoriantur.
335 3565 366 3622 Si
392 3565 503 3640 pedites
530 3565 589 3624 suis
610 3565 747 3623 auxilium
768 3565 871 3629 ferant,
899 3573 982 3638 atque
1009 3565 1039 3622 in
1063 3585 1099 3625 eo
1113 3569 1147 3625 tu
1228 3604 1230 3608 .

12 3687 19 3696 .
103 3654 263 3708 morentur,
278 3643 332 3700 iter
343 3643 448 3702 confici
469 3663 526 3702 non
542 3663 641 3719 posse3
663 3643 697 3710 si,
713 3643 755 3720 (id
770 3642 844 3716 quod
865 3641 958 3714 magis
972 3643 1098 3702 futurum

102 3722 258 3794 confidat)
273 3721 381 3780 relictis
404 3723 625 3798 impedimentis,
644 3741 702 3778 suae
723 3719 807 3777 saluti
821 3721 981 3787 consulant,
1002 3733 1032 3780 et
1044 3739 1098 3778 usu

102 3819 200 3858 rerum
223 3802 453 3858 necessariarum
476 3811 506 3858 et
529 3800 669 3876 dignitate
690 3798 839 3873 spoliatum
864 3799 908 3857 iri.
960 3799 1036 3856 Nam
1060 3799 1096 3852 de

101 3879 251 3954 equitibus
278 3879 413 4015 hoisqiqm,
434 3878 503 3955 quin
527 3897 613 3938 nemo
633 3895 732 3936 eorum
757 3878 891 3956 progredi
911 3875 997 3936 modd
1016 3881 1097 3929 extra

433 3985 446 4016 ι
