2564 4422
427 327 737 385 maansammus.
1067 341 1123 403 133

80 494 169 540 orum
194 485 352 536 amorum
379 473 452 532 situs
476 474 704 552 munitionesque
730 487 917 552 cognoscum.
966 477 1074 540 Ereta

75 553 327 636 -septenuionibus
344 549 437 620 collis,
450 572 536 628 quem
554 564 668 630 propter
689 555 918 631 magnitudinem
936 557 1074 618 circuitus

72 647 172 714 ‘opere
185 631 383 709 circumplecti
403 650 462 690 non
475 642 626 708 potuerant
645 633 744 702 nostri,
758 633 977 712 necessarimm
998 638 1074 714 pene

81 713 184 790 iniquo
208 712 283 780 loco,
305 721 335 768 et
349 708 462 770 ‘leniter
488 710 602 777 declivi,
629 723 724 770 castra
749 712 887 771 fecerant.
937 715 1012 774 Hac
1038 717 1074 775 C.

82 789 230 853 Antistius
257 787 402 864 Reginus,
434 799 464 846 et
490 787 524 845 C.
552 787 695 848 Caninius
720 790 853 860 Rebilus,
883 791 981 868 legati,
1007 815 1075 854 cum
1106 799 1124 851 5

82 871 196 936 duabus
222 865 386 944 legionibus
416 865 593 926 obtinebant
648 867 781 946 Cognitis
804 889 855 946 per
885 871 1075 948 exploratores

82 945 262 1024 regionibus,
274 945 363 1002 duces
374 944 497 1004 bostium
510 945 568 1004 LX
580 943 670 1008 millia
678 966 715 1005 ex
727 947 807 1008 omni
816 967 935 1008 numero
945 949 1075 1026 deligunt

82 1045 184 1084 earum
197 1023 356 1091 civitatum,
370 1042 433 1100 que
447 1024 602 1084 maximam
612 1025 723 1084 virtutis
735 1026 898 1102 opinionem
912 1028 1074 1098 habebaot3

82 1104 163 1182 quid,
177 1121 290 1180 qnoque
307 1113 392 1178 pacto
413 1101 459 1178 agi
472 1101 595 1177 placeat,
609 1102 723 1163 occulte
745 1103 864 1162 inter-se
880 1107 1073 1177 constituunt;

84 1181 211 1262 adeundi
232 1191 345 1258 tempus
364 1179 514 1247 definiunt,
528 1199 617 1256 quum
632 1181 765 1240 meridies
778 1201 841 1240 ease
855 1185 992 1243 videatur.
1033 1185 1074 1246 Iis
1086 1186 1119 1242 lo

84 1259 177 1337 copiis
196 1257 449 1335 Vergasillaunum
465 1260 638 1327 Arvernum,
652 1279 742 1318 unum
755 1280 792 1320 ex
804 1272 923 1336 quatuor
941 1263 1073 1336 ducibus,

83 1338 276 1416 propinquum
308 1335 563 1412 Vercingetorigis,
596 1337 767 1412 preficiunt.
821 1339 874 1398 Ille
907 1361 944 1400 ex
973 1342 1074 1400 castris

84 1417 178 1494 prima
193 1415 291 1492 vigilis
304 1434 445 1492 egressus,
459 1435 546 1491 prope
560 1416 692 1474 conlecto
704 1418 758 1474 sub
770 1417 866 1476 lucem
886 1419 997 1492 itinere,
1010 1432 1074 1496 post

83 1506 213 1558 montem
236 1513 267 1555 ac
292 1493 456 1565 occultavit,
477 1493 637 1570 militesque
660 1514 697 1554 ex
722 1507 863 1556 nocturno
888 1497 984 1559 labore
1011 1518 1073 1558 sese

83 1574 207 1634 reficere
219 1572 307 1648 jussit
347 1571 449 1634 Quum
460 1571 520 1648 jam
536 1571 670 1630 meridies
684 1575 907 1651 appropinquare
922 1577 1072 1646 videretur,
1085 1579 1119 1632 15

83 1653 121 1715 ad
134 1671 174 1714 ea
195 1661 297 1718 castra,
311 1669 373 1726 qua
386 1647 472 1727 suprd
492 1651 758 1719 demonstravimus,
772 1655 938 1716 contendit:
960 1657 1074 1714 eodem·

82 1750 138 1808 que
152 1741 282 1805 tempore
294 1729 436 1806 equitatus
450 1729 487 1786 ad
507 1740 680 1805 campestres
694 1729 868 1787 munitiones
881 1733 1030 1803 accedere,
1044 1745 1074 1791 et

83 1809 202 1884 reliqua
215 1807 305 1882 copie
318 1826 382 1864 sese
394 1825 446 1884 pro
459 1807 561 1864 castris
573 1807 725 1865 ostendere
738 1818 895 1882 coeperunt.

104 1889 108 1902 '
122 1885 298 1944 LXXXIV.
339 1883 570 1962 Vercingetorix,
583 1904 621 1942 ex
641 1904 706 1944 arce
720 1884 827 1944 Alesia
845 1905 911 1944 suos
925 1886 1073 1962 conspica-

85 1975 139 2036 tus,
149 1985 189 2022 ex
201 1964 305 2040 oppido
315 1963 479 2040 egreditur;
501 1964 632 2022 acastris
641 1963 796 2040 longurios,
807 1965 962 2034 musculos,
974 1965 1072 2034 lblces,
1082 1967 1119 2022 ao

84 2043 259 2120 reliquaque,
273 2061 336 2118 qua
356 2042 513 2118 eruptionis
526 2043 615 2100 causa
634 2054 791 2119 paraverat,
804 2044 918 2120 profert.
959 2044 1073 2120 Pugna·

84 2133 129 2180 tur
142 2141 201 2180 uno
214 2131 341 2218 tempore
353 2121 486 2182 omnibus
500 2120 571 2180 locis
585 2121 697 2194 acriter,
712 2132 795 2197 atquc
809 2123 906 2182 omnia
918 2134 1072 2182 tentantur.

84 2199 154 2264 Qus
167 2200 289 2258 minime
305 2200 366 2256 visa
378 2219 444 2276 pars
458 2200 541 2258 firma
559 2201 684 2268 est'hnc
697 2201 886 2260 concurritur.
927 2203 1074 2262 Romano·

85 2297 147 2338 rum
159 2298 264 2338 manus
281 2278 369 2336 tantis
386 2277 592 2337 munitionibus
605 2279 766 2347 distinetur,
778 2299 833 2338 nec
847 2281 933 2340 facile
946 2282 1074 2358 pluribus

85 2357 155 2416 locis
174 2357 308 2416 occurrit
351 2356 477 2416 Multum
498 2357 534 2414 ad
555 2358 703 2416 terrendos
723 2369 834 2416 nostros
847 2360 936 2417 valuit
950 2361 1119 2429 clamomffi

85 2437 131 2512 qui
153 2447 219 2512 post
231 2447 344 2512 tergum
364 2435 560 2512 pugnantibus
581 2436 699 2502 exstitit,
713 2434 790 2510 qudd
812 2455 895 2492 suum
915 2438 1074 2510 periculum

86 2513 113 2574 in
126 2509 224 2572 alieni
244 2515 342 2572 rident
364 2514 467 2572 virtute
489 2515 661 2572 consistere:
681 2513 778 2571 omnia
795 2513 873 2570 enim
896 2513 1073 2590 plerumque,

84 2612 145 2668 qua
160 2593 274 2660 absunt,
288 2591 485 2654 vehementius
499 2592 646 2650 homiuum
659 2601 769 2648 mentes
782 2592 956 2665 perturbant.

114 2671 280 2741 LXXXV.
322 2671 419 2730 Cesar
441 2670 576 2730 idoneum
590 2671 685 2728 locum
706 2679 818 2740 nactus,
831 2669 900 2743 quid
917 2669 1028 2744 quaque
1043 2669 1073 2728 in

85 2761 162 2824 parte
188 2761 314 2826 geratur,
342 2750 501 2826 cognoscit,
534 2747 730 2806 laborantibus
757 2746 893 2806 auxilium
924 2746 1118 2806 submittitffl

58 2833 62 2838 ’
85 2827 216 2904 Utrisque
239 2829 276 2886 ad
298 2829 425 2890 animum
446 2828 581 2896 occurrit,
595 2846 684 2884 unum
708 2826 778 2885 illud
791 2845 854 2883 esse
875 2836 997 2902 tempus,
1018 2843 1074 2901 quo

86 2905 207 2970 mxime
227 2907 364 2965 contendi
385 2907 545 2966 conveniat
586 2906 673 2973 Galli,
696 2905 751 2962 nisi
771 2905 958 2980 perfregerint
980 2905 1074 2964 muniz

85 2983 184 3054 bones,
193 2986 232 3042 de
242 2985 322 3042 omni
334 2985 425 3044 salute
439 2986 607 3060 desperant:
629 2983 766 3050 Romani,
779 2984 803 3041 si
816 3003 876 3040 rem
887 2981 1071 3050 obtinuerint,

87 3061 177 3138 finem
190 3063 321 3122 omnium
341 3063 471 3124 laborum
490 3072 665 3138 exspectant.
707 3059 836 3120 Maxime
858 3062 893 3120 ad
914 3059 1073 3136 superiores

87 3141 259 3201 munitiones
286 3142 439 3210 laboratur,
461 3140 518 3217 qud
539 3140 790 3216 Vergasillaunum
813 3139 931 3198 missurn
958 3139 1117 3200 demon-aa

87 3222 243 3283 unimus.
286 3219 430 3296 Exiguum
443 3219 500 3278 loci
511 3221 548 3277 ad
561 3218 752 3276 declivitatem
767 3218 911 3294 fastigium
936 3237 1073 3294 magnum

87 3297 167 3358 babet
181 3309 370 3358 momentum.
412 3297 472 3356 Alii
486 3298 544 3356 tela
557 3297 733 3372 conjiciunt;
755 3296 813 3362 alii,
828 3296 971 3356 testudine
984 3296 1071 3364 sacti,

85 3377 225 3448 subeunt;
255 3377 418 3453 defatigatis
439 3375 680 3451 invicem‘integri
702 3371 869 3433 succedunt.
912 3373 1020 3450 Agger,
1036 3375 1074 3432 ab

84 3456 222 3514 universis
244 3455 275 3516 in
296 3455 485 3514 munitionem
506 3453 663 3530 conjectus,
678 3465 707 3512 et
730 3471 880 3510 ascensum
901 3452 950 3509 dat
969 3452 1072 3523 Gallis,

83 3543 112 3590 et
131 3553 178 3602 ea,
191 3552 255 3610 quaa
279 3533 310 3592 in
331 3544 436 3592 terram
450 3533 670 3591 occultaverant
691 3529 827 3597 Romani,
850 3530 996 3606 contegit:
1017 3539 1119 3594 necld

79 3611 141 3686 jam
155 3631 234 3670 arma
247 3612 361 3680 nocuis,
376 3631 431 3670 nec
445 3611 519 3670 vires
532 3620 693 3687 suppetunt

121 3689 296 3749 LXXXVI.
338 3690 395 3748 His
421 3692 506 3748 rebus
532 3689 664 3766 cognitis,
692 3689 789 3744 Caesar
818 3687 979 3748 Labienum
1006 3711 1074 3750 cum

83 3769 248 3830 tobortibus
261 3769 307 3827 VI
323 3769 451 3828 subsidio
471 3767 666 3828 laborantibus
686 3765 791 3824 mittit:
822 3765 952 3843 imperat,
967 3769 991 3828 ei
1013 3788 1074 3826 sus-

84 3847 173 3909 tinere
186 3868 247 3910 non
267 3848 513 3985 possitl,2deductis
533 3845 696 3906 cohortibus
715 3844 864 3920 eruptione
884 3857 1009 3923 pugnet;
1030 3843 1069 3906 id·
