2564 4422
447 351 555 408 urnun
566 351 736 418 colurus.
781 343 791 368 ⁶
1089 365 1127 430 tl
1175 295 1182 318 Ι

131 501 230 562 XXV.
272 499 344 560 lirul
361 499 589 558 in‘Curnutibus
602 519 713 558 summe
733 501 797 560 loco
809 513 894 560 netur
913 503 1079 583 Tasgetius,

88 581 176 658 cujus
201 580 322 656 majores
344 579 377 636 in
403 579 458 636 sui
479 578 594 636 civitate
614 593 736 654 reguum
758 580 949 641 obtinuerant.
1000 586 1080 646 Huic

86 660 199 727 Gener,
221 679 273 736 pro
296 659 359 735 ejus
379 656 483 714 virtute
507 665 589 732 etque
611 656 641 714 in
665 675 695 714 se
719 657 1025 738 benevolentium&
1049 665 1103 724 in*

85 739 233 802 omibus,
250 737 333 795 bellis
359 735 500 812 singulari
522 736 584 812 ejus
609 736 697 811 operi
720 736 813 794 meret
837 755 916 806 esus,
940 742 1079 818 majorum

86 816 184 874 locum
211 816 386 888 metitumut
435 813 568 871 'Pettium
592 814 652 890 jum
679 815 757 872 huno
784 835 891 874 cunum
911 831 1079 894 regnantem
1108 832 1128 885 5

85 895 202 952 inimici
214 893 320 970 polim,
334 892 431 950 multis
443 892 531 949 etium
544 911 581 949 ex
592 891 709 950 civitate
726 895 899 964 auctoribus,
914 913 980 954 eum
993 897 1079 958 inter-

88 970 232 1030 fecerunt.
273 972 407 1029 Defertur
426 977 521 1029 eures
543 971 579 1028 ud
599 971 753 1030 Gaesarem.
794 973 848 1031 Ille
868 974 1079 1052 veritus,un

88 1053 127 1109 ud
153 1051 252 1127 plures
276 1051 446 1126 pertinebat,
471 1067 509 1106 ne
535 1049 637 1107 civitus
662 1067 760 1107 eorum
783 1051 907 1129 impulsu
933 1054 1077 1126 deficeret,

88 1130 126 1187 L.
141 1129 284 1186 Plancum
297 1147 365 1186 cum
379 1127 489 1203 legione
503 1147 540 1185 ex
553 1128 653 1204 Ilelgio
665 1128 797 1186 celeriter
810 1131 840 1188 in
861 1133 1004 1191 Carnutes
1016 1151 1079 1211 pro-

86 1207 186 1266 lielsci
206 1208 299 1284 jubet,
320 1205 415 1282 ibique
437 1208 571 1282 hyemare
582 1226 589 1276 ;
610 1223 786 1282 quorumque
807 1211 894 1286 operi
914 1215 1079 1287 cognoverit
1088 1221 1122 1275 1⁰

88 1287 266 1362 Tasgetium
291 1285 477 1352 interiectum,
505 1287 557 1342 bos
582 1285 804 1362 comprehensos
837 1290 873 1346 ed
900 1309 930 1346 se
957 1291 1077 1348 mittere.

88 1363 212 1422 Interim
234 1365 270 1422 ub
285 1363 418 1422 omnibus
437 1364 539 1440 legatis
559 1364 810 1440 quaestoribusque
829 1367 932 1442 quibus
951 1368 1078 1445 legiones

89 1443 254 1516 trediderut,
270 1442 375 1500 certior
386 1443 477 1500 luctus
490 1453 544 1510 est,
559 1442 589 1499 in
601 1444 729 1519 hyberna
741 1457 918 1520 perventum,
927 1445 1077 1523 locumque

89 1523 226 1597 hybernis
238 1540 301 1580 esee
315 1521 468 1579 munitum.

131 1599 247 1658 XXVI.
289 1600 398 1657 Diebus
418 1599 534 1657 circiter
554 1597 623 1673 XV,
639 1600 742 1675 quibus
763 1602 793 1658 in
814 1604 942 1680 hyberna
961 1617 1077 1665 ventum
1088 1613 1121 1667 15

89 1690 147 1746 est,
172 1678 286 1735 initium
305 1679 444 1754 repentini
465 1679 603 1737 tumultus
618 1699 652 1736 ec
673 1679 842 1738 delectionis
861 1694 953 1738 ortum
976 1696 1020 1740 est
1040 1685 1076 1742 ab

90 1756 262 1833 Ambiorige
283 1767 311 1814 et
325 1757 485 1816 Cativolco:
506 1757 555 1832 qui
568 1776 656 1833 quum
673 1758 709 1814 ud
722 1757 794 1814 fine·
814 1759 954 1834 regni'sui
969 1761 1077 1820 lebino

85 1836 241 1911 Coumque
253 1821 355 1914 prEslo
375 1836 505 1902 luissent,
521 1822 750 1910 Frumentumque
766 1835 795 1892 in
810 1837 937 1912 hyberna
950 1856 1077 1914 compor—
1103 1836 1107 1846 ‘
1141 1824 1175 1866 '¹‘

90 1913 236 1987 trivissent,
251 1915 440 1972 Indutiomari
460 1914 575 1972 Treviri
595 1913 710 1972 nunciis
730 1913 933 1990 impulsiones
950 1917 1077 1976 concitu-

90 2003 199 2060 verunt,
221 1992 372 2069 subitoque
385 1994 528 2070 oppressis
547 1993 744 2070 lignatoribus,
759 1995 865 2070 magni
882 2007 969 2051 menn
983 2001 1121 2056 casuum

89 2082 284 2148 oppugnatum
295 2083 442 2130 venerunt.
483 2073 586 2133 Quum
596 2072 727 2130 celeriter
735 2073 823 2130 nostri
835 2093 913 2138 arma
923 2073 1075 2150 cepissent,

92 2151 250 2226 nullumque
264 2151 491 2218 adscendissent,
507 2161 590 2226 atque
604 2153 663 2209 uni
682 2163 811 2228 experte
825 2153 964 2230 Hispanis
977 2155 1077 2229 equiti-

90 2230 142 2286 bus
154 2230 277 2298 emissis,
291 2230 415 2305 equestri
429 2229 526 2306 prelio
546 2230 704 2306 superiores
724 2231 852 2301 fuissent,
867 2234 1015 2310 desperati
1035 2253 1075 2304 re,

91 2309 185 2367 hostes
192 2329 258 2366 suos
272 2310 309 2366 ab
315 2309 528 2386 oppugnatione
541 2310 723 2368 reduxerunt.
764 2311 843 2370 Tum
857 2333 908 2371 suo
918 2331 996 2371 more
1010 2333 1077 2371 con-

92 2387 295 2455 clamaverunt,
317 2387 359 2446 uti
382 2387 469 2463 aliqui
490 2407 527 2445 ex
540 2389 643 2446 nostris
665 2390 701 2446 ad
722 2388 892 2464 colloquium
912 2391 1120 2466 prodirent325

93 2466 226 2525 ‘Habere
252 2485 324 2535 sese,
348 2484 412 2542 quse
438 2467 475 2524 de
498 2485 528 2524 re
549 2467 695 2525 communi
718 2468 814 2524 dicere
838 2469 952 2535 vellent,
975 2470 1077 2543 quibus

92 2547 177 2602 rebus
190 2547 397 2604 controversias
410 2545 502 2603 minui
510 2565 594 2622 posse
608 2546 773 2622 sperarent!
824 2541 829 2548 ’
1045 2563 1048 2570 ’

131 2623 262 2682 XXVII.
304 2624 429 2682 Mittitur
442 2624 479 2681 ud
492 2643 542 2681 eos
560 2624 739 2700 colloquendi
758 2623 847 2680 causti
861 2623 895 2680 C.
911 2624 1075 2698 Arpineius,

93 2721 177 2778 eques
211 2702 372 2771 Romanus,
400 2701 547 2760 familiaris
572 2703 613 2766 Q.
641 2701 758 2769 Titurii,
790 2713 819 2759 et
843 2701 884 2764 Q.
912 2701 1016 2759 Iunius
1041 2722 1077 2760 ex

94 2780 233 2858 Hispaniis
244 2781 371 2857 quidem,
383 2781 431 2857 qui
440 2781 500 2858 jam
515 2780 582 2839 unte
596 2782 685 2838 missu
699 2781 822 2838 Caessris
834 2782 869 2844 ud
880 2781 1077 2858 Ambiorigem
1086 2789 1120 2844 30

94 2861 229 2919 ventitare
250 2870 452 2918 consueverat:
475 2860 549 2936 apud
563 2879 634 2936 quoe
647 2861 797 2925 Ambiorix
818 2861 945 2918 adhunc
961 2863 1078 2919 modum
1162 2921 1165 2927 Δ

93 2938 202 2997 locutus
221 2949 283 2997 est:
306 2940 406 3008 ‘Sese
427 2939 623 3016 pro-Ceseris
643 2939 673 2996 in
694 2959 725 2996 ee
746 2939 904 3006 beneficiis,
924 2939 1077 3015 plurimum

62 3015 118 3074 *l-ei
130 3017 263 3077 confiteri
275 3018 391 3086 debere,
405 3018 481 3094 quod
491 3018 564 3095 „ejus
576 3019 663 3094 operi
677 3018 819 3094 stipendio
837 3018 973 3075 liberatus
993 3030 1077 3092 esset,
1126 3033 1129 3036 “

93 3099 164 3170 quod
178 3096 343 3154 Aduatucis
356 3097 484 3155 finitimis
498 3096 556 3154 suis
576 3097 700 3173 pendere
714 3096 890 3165 consuesset,
904 3095 1037 3174 quodque
1049 3098 1078 3156 ei

94 3173 201 3233 etlilius
209 3186 239 3234 et
248 3176 343 3234 fratris
353 3176 427 3234 filius
436 3177 473 3233 ab
481 3176 596 3240 Caesure
607 3175 718 3232 remissi
726 3187 831 3245 esseut,
842 3196 911 3253 quos
920 3177 1076 3242 Aduatuci,
1085 3184 1119 3236 ³5

94 3253 221 3312 obsidum
235 3267 355 3313 nurnero
368 3255 479 3322 missos,
495 3255 570 3331 opud
587 3274 618 3312 se
633 3255 662 3312 in
676 3255 852 3314 servitute'et
870 3255 979 3313 catenis
997 3265 1077 3310 tenu·

94 3331 198 3391 lesem:
219 3353 315 3408 neque
336 3333 375 3402 id,
399 3335 474 3409 quod
497 3333 596 3391 lecerit
619 3335 655 3390 de
678 3335 889 3411 oppugnatione
910 3343 1075 3398 castrorum,

94 3421 141 3470 uut
161 3412 271 3488 judicio
295 3423 344 3470 aut
366 3414 510 3476 voluntate
531 3413 583 3470 suti
605 3411 715 3481 fecisse,
741 3414 791 3470 sed
814 3420 915 3468 coactu
938 3408 1076 3480 civitatls3

92 3507 198 3564 sueque
211 3511 274 3549 esse
294 3492 435 3568 ejusmodi
449 3491 577 3567 imperia,
592 3501 623 3548 ut
643 3510 701 3549 non
715 3491 809 3549 minus
830 3489 946 3545 haberet
955 3486 1028 3564 juris
1048 3487 1078 3547 in

92 3569 393 3646 semultitudo‚quim
407 3570 740 3646 ipselnmultitudinem.
782 3566 897 3624 Civitati
907 3565 990 3642 porro
1001 3567 1121 3628 huncio
1179 3635 1183 3645 .

92 3643 184 3702 fnisse
202 3647 267 3706 belli
290 3668 418 3716 causum,
441 3648 517 3724 quod
539 3649 695 3724 repentine
719 3647 865 3704 Gallorum
889 3646 1077 3722 conjurationi

90 3723 224 3782 mistero
235 3746 292 3785 non
305 3727 445 3804 potuerit:
468 3728 496 3784 id
510 3747 541 3789 se
561 3719 646 3784 facile
661 3746 697 3783 ex
717 3724 875 3782 humilitate
886 3725 939 3782 sui
958 3728 1077 3802 probare

90 3819 187 3878 posse,
213 3805 286 3881 quod
311 3824 370 3865 non
392 3805 464 3864 adeo
487 3805 524 3862 sit
551 3805 698 3881 imperitus
723 3823 829 3872 rerum,
853 3815 885 3862 ut
907 3805 966 3862 suis
989 3803 1077 3878 copiis

92 3879 231 3958 Populum
257 3881 426 3944 Romanum
449 3903 480 3958 ee
504 3900 638 3960 superare
660 3901 742 3960 posse
769 3883 910 3943 confidat:
938 3883 988 3940 sed
1014 3897 1076 3959 erse
