2590 4424
500 319 607 372 arnan
623 298 782 370 snmus
1009 386 1013 394 1
1149 322 1169 381 3

177 466 213 525 V.
254 465 322 524 Post
339 464 401 540 ejus
414 473 533 522 mortem
553 462 643 520 nihilo
655 461 752 520 minias
772 461 898 520 Helvetii
912 461 951 533 id,
964 460 1040 536 quod
1054 478 1120 518 oon·

138 546 297 616 stituerant,
319 544 414 600 facere
437 551 586 608 conantur,
609 549 641 597 ut
660 559 676 596 e
697 539 802 597 finibus
825 537 884 597 suis
904 549 1014 596 exeant.
1064 538 1120 596 Ubi
1139 539 1141 552 '

134 623 194 699 jam
215 643 246 680 se
271 623 384 682 adeam
404 639 465 677 rem
485 629 598 695 paratos
615 637 678 676 esse
700 619 826 676 arbitrati
847 629 923 690 sunt,
944 618 1048 693 oppida
1068 636 1120 686 sua

137 702 233 761 omnia
247 719 366 758 nurnero
386 699 426 756 ad<
437 697 598 769 duodecim,
619 698 695 754 vicos
710 697 745 753 ad
766 697 997 772 quadringentos,
1012 695 1121 770 reliqua

136 779 246 855 privata
267 779 388 836 aedihcia
408 777 585 845 incendunt;
613 775 787 847 frumentum
808 793 902 842 omne,
924 785 1025 850 praeter
1044 775 1119 849 quod
1145 782 1163 834 5

137 877 236 914 secum
256 857 393 934 portaturi
414 869 505 927 erant,
519 854 699 919 comburunt,
719 863 760 925 ut,
774 854 890 911 domurn
911 851 1057 910 reditionis
1071 872 1119 928 spe

137 937 260 1007 sublatd,
273 935 428 1011 paratiores
443 933 585 992 adomnia
597 931 726 1008 pericula
739 932 887 988 subeunda
900 941 1013 988 essent:
1035 931 1119 987 trium

138 1015 282 1071 mensium
303 1012 401 1071 molita
422 1011 529 1068 cibaria
550 1011 604 1066 ribi
624 1011 764 1084 quemque
785 1010 870 1068 domo
890 1009 990 1066 efferre
1008 1009 1118 1084 jubent.

137 1092 315 1149 Persuadent
327 1091 471 1147 Rauracis
490 1100 520 1146 et
540 1088 676 1163 Tulingis
689 1098 718 1144 et
738 1088 899 1164 Latobrigis
915 1087 1053 1155 finitimis,
1068 1088 1119 1158 uti,

137 1171 238 1228 eodem
257 1169 303 1226 usi
316 1169 443 1235 consilio,
458 1167 574 1244 oppidis,
590 1166 649 1222 suis
663 1165 788 1240 vicisque
801 1167 917 1238 exustis,
931 1164 991 1223 und
1005 1184 1072 1222 curu
1086 1167 1120 1222 iis
1130 1171 1163 1225 10

136 1249 369 1325 proficiscantur:
391 1229 542 1320 Boidsque,
556 1245 605 1320 qui
625 1255 703 1301 haus
723 1243 861 1301 Rhenum
882 1244 1070 1315 incoluerant,
1092 1254 1120 1301 et

136 1327 167 1384 in
194 1345 294 1403 agrum
317 1325 456 1384 Noricum
483 1325 665 1393 transierant,
673 1322 886 1418 Joreiamque
912 1322 1119 1399 oppugnarent,

136 1416 265 1481 receptos
279 1405 315 1462 ad
329 1423 359 1460 se
373 1403 466 1461 socios
479 1399 534 1458 sibi
549 1401 722 1458 adsciscunt.
797 1451 798 1454 ,
1109 1409 1113 1414 “

175 1484 229 1541 Vl.
257 1483 361 1540 ‘Erant
383 1481 501 1539 omnino
522 1480 626 1537 itinera
645 1480 713 1551 duo,
737 1479 840 1554 quibus
862 1479 1010 1536 itineribus
1035 1479 1120 1537 domo

137 1561 217 1618 exire
236 1571 379 1636 possent?
401 1577 491 1616 unum
513 1577 564 1635 per
588 1559 745 1632 Sequanos,
770 1569 922 1634 angustum
942 1568 971 1614 et
993 1555 1119 1628 difficile,
1130 1561 1164 1613 15

139 1639 215 1697 inter
235 1649 362 1694 montem
383 1622 531 1694 lummet
549 1637 655 1692 flumen
676 1635 863 1708 Rhodanum,
877 1635 924 1692 vix
941 1637 997 1710 qud
1015 1634 1120 1710 singuli

137 1717 214 1774 carri
240 1718 431 1784 ducerentur3
466 1734 547 1772 mons
571 1726 666 1772 autem
692 1715 844 1772 altissimus
870 1713 1062 1788 impendebat,
1089 1722 1121 1769 'ut

138 1792 224 1852 facile
248 1793 385 1870 perpauci
405 1793 555 1869 prohibere
574 1803 707 1870 possent:
730 1793 849 1849 alterum
869 1811 919 1867 per
941 1790 1120 1848 Provinciam

138 1883 274 1939 nostram,
309 1872 397 1929 multo
424 1871 536 1928 facilius
560 1882 642 1947 atque
672 1871 842 1946 expeditius,
871 1879 1019 1945 propterea
1044 1867 1121 1943 qudd

138 1951 335 2008 Helvetiorum
345 1951 419 2007 inter
429 1949 502 2006 fines
515 1960 544 2006 et
554 1950 752 2025 Allobrogum,
763 1950 810 2024 qui
825 1967 916 2023 nuper
925 1947 1020 2022 pecati
1030 1951 1164 2020 erant,2⁰

138 2028 299 2088 Rhodanus
319 2028 390 2100 fluit,
405 2028 485 2102 isque
505 2028 650 2085 nonnullis
663 2028 734 2086 locis
754 2028 826 2085 vado
839 2026 981 2084 transitur.
1023 2025 1122 2082 Extre-

138 2126 217 2165 mum
238 2107 376 2183 oppidum
397 2105 584 2182 Allobrogum
611 2117 663 2178 est,
687 2107 901 2184 proximumque
925 2103 1120 2162 Helvetiorum
1184 2103 1191 2116 '

137 2185 252 2252 finibus,
267 2186 393 2243 Genera.
434 2183 480 2240 Ex
491 2203 535 2246 eo
554 2185 659 2260 oppido
676 2203 747 2260 pons
766 2185 801 2241 ad
821 2183 968 2240 Helvetios
988 2181 1118 2258 pertinet.

139 2263 342 2340 Allobrogibus
355 2281 418 2320 sese
432 2262 476 2318 vel
497 2281 690 2339 persuasuros,
704 2261 781 2338 qubd
795 2263 922 2320 nondum
937 2262 1011 2319 bono
1025 2262 1120 2319 animo
1161 2275 1165 2282 ·

139 2341 168 2398 in
183 2341 322 2416 Populum
336 2341 503 2398 Romanum
516 2339 688 2408 viderentur,
703 2341 904 2398 existimabant
912 2361 919 2410 3
942 2341 984 2396 vel
998 2340 1025 2395 vi
1039 2339 1164 2397 coac-25

138 2432 227 2490 turos,
240 2429 273 2475 ut
284 2437 335 2493 per
357 2438 423 2476 suos
436 2419 508 2475 fines
528 2438 583 2476 eos.
599 2417 639 2476 ire
659 2430 831 2495 paterentur.
872 2419 1016 2476 Omnibus
1036 2419 1120 2476 rebus

139 2497 177 2554 ad
197 2496 402 2573 profectionem
423 2497 603 2571 comparatis,
617 2497 693 2554 diein
714 2499 823 2565 dicunt,
837 2496 954 2572 quadie
976 2498 1012 2554 ad
1029 2497 1120 2572 ripam

139 2575 277 2632 Rhodani
290 2594 390 2633 omnes
411 2573 599 2632 conveniant:
621 2574 654 2632 is¹
665 2575 726 2632 dies
746 2587 806 2633 erat
831 2597 855 2633 a.
878 2577 904 2633 d.
919 2575 955 2632 V.
971 2574 1035 2631 Kal.
1050 2575 1119 2652 Apr.

139 2653 172 2711 L.
187 2653 301 2727 Pisone,
315 2654 354 2711 A.
368 2652 503 2724 Gabinio,
519 2653 599 2710 Coss.

177 2732 246 2811 Vll.
289 2733 397 2790 Caesari
418 2751 505 2807 quum
527 2731 557 2789 id
578 2731 745 2790 nunciatum
762 2744 846 2804 esset,
867 2751 916 2789 eos
936 2751 986 2809 per
1007 2731 1166 2790 provin-ao

138 2811 213 2868 ciam
227 2822 352 2868 nostram
366 2811 419 2867 iter
440 2811 534 2868 facere
548 2811 656 2883 conari,
671 2823 794 2869 maturat
815 2813 851 2868 ab
864 2811 942 2868 Urbe
961 2811 1120 2886 proficisci;

138 2899 176 2957 et,
199 2888 285 2965 quim
309 2889 441 2946 maximis
462 2885 555 2965 pote'st
578 2890 737 2960 itineribus,
760 2890 789 2947 in
812 2889 937 2948 Galliam
961 2888 1121 2946 ulteriorem

139 2968 295 3035 contendit,
307 2978 336 3024 et
346 2968 381 3024 'ad
392 2969 540 3025 Genavam
550 2970 677 3045 pervenit
690 2989 696 3026 2
718 2968 876 3036 Provincias
887 2967 938 3024 toti
947 2968 1034 3042 quam
1044 2987 1122 3024 max-

138 3047 227 3103 imum
238 3053 329 3122 potest
343 3045 465 3103 militurn
474 3064 623 3103 numerum
635 3046 755 3123 imperat
769 3047 844 3124 (erat
856 3046 974 3104 omnino
984 3047 1014 3103 in
1027 3046 1122 3104 Gallia

138 3125 271 3182 ulteriore
293 3124 370 3200 legio
393 3125 486 3198 anal:
510 3135 634 3200 pontem,
656 3126 787 3200 quierat
809 3126 844 3183 ad
865 3127 1022 3193 Genavam,
1041 3123 1167 3200 jubet35

138 3203 272 3260 rescindi.
314 3201 371 3260 Ubi
392 3202 428 3260 de
444 3203 506 3279 ejus
521 3205 642 3261 adventu
658 3205 783 3261 Helvetii
805 3204 940 3261 certiores
956 3203 1024 3259 facti
1046 3213 1121 3270 sunt,

138 3282 247 3358 legatos
258 3282 294 3338 ad
308 3300 374 3338 eum
385 3281 508 3349 mittunt,
521 3282 711 3340 nobilissimos
721 3283 860 3351 civitatis;
882 3281 963 3355 cujus
973 3280 1123 3356 legationis

139 3360 279 3418 Nameius
305 3370 334 3416 et
356 3360 549 3418 Verudootius
571 3361 730 3437 principem
751 3362 847 3420 locum
873 3357 1051 3432 obtinebant,
1074 3361 1123 3436 qui

139 3439 277 3506 dicerent,
304 3437 387 3494 ‘Sibi
407 3457 469 3496 esse
491 3439 521 3495 in
545 3439 650 3506 animo,
671 3439 734 3496 sine
757 3439 815 3496 ullo
833 3436 975 3494 maleficio
997 3437 1051 3496 iter
1073 3459 1123 3515 per

140 3515 318 3575 Provinciam
332 3518 436 3583 facere,
445 3519 593 3593 propterea
605 3516 682 3592 qudd
694 3518 770 3574 aliud
786 3517 838 3573 iter
849 3516 987 3574 haberent
996 3518 1107 3574 nullum
1117 3538 1123 3575 :
1133 3514 1168 3568 40

139 3612 248 3670 rogare,
263 3606 295 3652 ut
312 3596 375 3671 ejus
390 3595 532 3652 voluntate
553 3597 581 3653 id
596 3596 650 3652 sibi
664 3597 759 3653 facere
779 3595 883 3652 liceat!
925 3595 1032 3661 Caesar,
1046 3593 1124 3668 quod
1196 3657 1198 3664 ¹

140 3673 277 3730 memoris
296 3673 413 3731 tenebat
426 3673 459 3730 L.
481 3672 615 3730 Cassium
634 3674 782 3737 consulem
801 3673 941 3745 occisum,
955 3671 1124 3729 exercitum·

139 3769 194 3826 que
215 3750 277 3825 ejus
298 3752 334 3810 ab
347 3751 489 3810 Helvetiis
509 3751 622 3828 pulsum
641 3763 671 3808 et
690 3751 860 3829 subjugum
879 3751 1007 3817 missum,
1022 3769 1125 3808 conoe·

139 3829 265 3888 dandum
286 3849 343 3888 non
364 3830 501 3911 putabat:
522 3849 615 3905 neque
636 3828 767 3887 homines
789 3831 906 3889 inimico
931 3829 1035 3898 animo,
1057 3828 1124 3883 dard
