2590 4424
461 359 567 410 creua
584 357 780 412 sncuuuus.
1121 317 1177 424 27·
1247 397 1255 411 ,

134 508 228 568 locum
243 517 357 566 coactas
372 505 408 562 ad
428 523 459 562 se
472 505 567 562 venire
581 503 661 572 vidit,
675 523 767 579 neque
784 504 844 579 jam
857 503 942 582 longd
957 504 1054 564 abesse
1075 505 1111 562 ab

134 586 188 655 his,
214 604 283 661 quos
309 585 434 651 miserat,
461 582 691 658 exploratoribus,
718 593 747 640 et
774 583 809 639 ab
843 582 944 640 Remis
969 583 1110 659 cognovit,

121 663 240 721 tlumen
261 665 403 729 Axonam,
417 662 492 736 qued
507 661 593 720 estin
611 661 744 718 extremis
764 660 923 718 Remorum
935 660 1049 730 finibus,
1063 681 1111 718 ex-

132 742 254 800 ercitum
271 741 421 798 traducere
442 739 600 810 maturavit,
616 748 699 814 atque
720 737 761 795 ibi
781 749 874 796 castra
893 739 994 815 posuit.
1034 740 1110 801 Quae

132 829 182 877 res'
191 831 220 878 et
239 819 313 876 latus
327 838 416 876 unum
436 827 592 875 castrorum
612 816 681 892 ripis
694 815 818 873 fluminis
839 817 999 888 muniebat,
1008 828 1037 874 et
1049 828 1111 893 post
1138 825 1155 876 5

132 917 199 955 eum
218 917 281 973 qua
294 907 389 954 essent
408 907 470 961 tuta
484 897 520 952 ab
532 893 659 952 hostibus
679 894 824 962 reddebat,
839 905 869 952 et
881 906 1055 952 commeatus
1075 896 1110 952 ab

132 975 245 1043 Remis,
256 975 425 1052 reliquisque
438 973 610 1039 civitatibus,
621 982 652 1028 ut
665 972 726 1030 sine
739 972 865 1048 periculo
879 974 915 1030 ad
928 992 994 1029 eum
1007 974 1111 1049 portari

132 1057 236 1128 poss'et,
257 1053 407 1110 officiebat.
448 1052 484 1108 Ir'r
497 1070 532 1108 eo
553 1050 669 1107 flumine
690 1069 761 1125 pons
774 1061 842 1108 erat.
883 1050 929 1106 Ibi
949 1051 1110 1126 praesidium
1204 1103 1208 1110 .

133 1131 230 1207 ponit;
252 1132 323 1188 etin
337 1131 424 1188 alterat
436 1139 516 1205 parte
532 1128 657 1185 fluminis
668 1127 709 1188 Q.
724 1127 869 1185 Titurium
883 1128 1022 1186 Sabinum
1034 1129 1111 1206 lega·

132 1219 195 1266 tum
221 1227 287 1266 cum
313 1229 363 1266 sex
388 1207 551 1266 cohortibus
575 1205 726 1280 relinquit:
758 1218 857 1272 castra,
875 1206 906 1266 in
933 1206 1111 1264 altitudinem
1122 1213 1155 1266 10

131 1287 237 1362 pedum
258 1287 409 1345 duodecim
426 1285 508 1352 vallo,
523 1284 653 1359 fossaque
673 1283 867 1359 duodeviginti
881 1285 986 1360 pedum
999 1286 1110 1342 munire

142 1365 226 1422 'ubet
921 1397 930 1426 t

136 1385 148 1440 l
171 1443 224 1500 vl.
266 1443 315 1500 Ab
334 1443 378 1500 his
398 1441 499 1499 castris
519 1439 655 1516 oppidum
675 1439 842 1508 Remorum,
859 1441 974 1498 nomine
995 1440 1109 1508 Bibrax,

134 1520 231 1577 aberat
249 1520 338 1578 millia
355 1539 489 1595 passuum
501 1518 600 1576 ··VIII.
649 1518 684 1575 Id
704 1537 740 1576 ex
760 1518 860 1576 itinere
880 1537 984 1596 magno
1005 1519 1111 1596 Impetu
1184 1517 1190 1522 ’

134 1596 230 1671 Belgae
250 1613 412 1672 oppugnare
426 1607 582 1672 coeperunt.
624 1595 713 1672 AEgre
734 1615 768 1654 eo
784 1597 830 1653 die
851 1607 1038 1654 sustentatum
1058 1608 1109 1656 est.
1122 1605 1155 1656 15

133 1673 280 1731 Gallorum
294 1676 404 1742 eadem,
419 1684 501 1748 atque
514 1675 676 1749 Belgarum,
691 1674 863 1750 oppugnatio
876 1685 918 1732 est
932 1676 1003 1731 brec.
1043 1676 1109 1744 Ubi,

113 1751 321 1828 [circumjecta
346 1752 525 1809 multitudine
549 1752 695 1820 hominum
720 1752 785 1822 totis
811 1751 962 1818 moenibus,
986 1753 1110 1827 undique

112 1821 243 1905 'lapides
266 1830 296 1887 in
319 1849 431 1887 murum
451 1829 510 1905 jaci
533 1831 618 1906 coepti
634 1834 717 1896 bunt,
741 1848 892 1904 murusque
916 1829 1111 1888 defensoribus

132 1908 256 1965 nudatus
276 1919 319 1966 est
330 1929 338 1978 ;
368 1908 510 1966 testudine
531 1909 616 1975 facta,
637 1917 732 1983 portas
755 1908 922 1975 succedunt,
943 1926 1110 1982 murumque

132 1985 279 2044 subruunt.
320 1986 408 2048 Quod
429 1996 489 2043 tum
502 1986 587 2043 facile
604 1986 708 2043 fiebat:
729 2004 806 2052 nam,
826 2005 913 2060 quum
926 1995 1005 2042 tanta
1018 1986 1155 2045 multi-20

28 2127 33 2134 ¹
132 2065 204 2121 tudo
213 2064 321 2140 lapides
336 2083 370 2121 ac
383 2063 440 2121 tela
453 2065 637 2140 conjicerent,
652 2064 682 2120 in
702 2082 782 2120 muro
795 2063 969 2120 consistendi
988 2074 1110 2139 potestas

131 2151 193 2198 erat
218 2142 297 2199 nulli.
346 2142 448 2203 Quum
473 2143 560 2200 finem
582 2141 766 2218 oppugnandi
789 2159 845 2200 nox
867 2141 990 2209 fecisset,
1014 2141 1110 2200 Iccius

133 2218 253 2288 Remus,
268 2221 378 2276 summai
392 2219 539 2278 nobilitate
553 2230 581 2278 ot
594 2220 686 2296 gratia
699 2219 773 2276 inter
786 2232 861 2288 suos,
875 2220 924 2294 qui
936 2230 997 2277 tum
1007 2221 1109 2296 oppido

131 2309 260 2373 praeerat,
274 2317 348 2356 unus
356 2318 392 2355 ex
405 2298 458 2366 his,
473 2299 521 2375 qui
533 2298 621 2374 legati
634 2299 670 2354 de
680 2316 752 2372 pace
764 2299 799 2354 ad
810 2297 953 2355 Caesarem
963 2308 1108 2366 venerant,

132 2376 254 2432 nuncios
268 2378 303 2433 ad
324 2396 390 2433 eum
399 2376 505 2444 mittit,
521 2375 605 2433 ‘Nisi
614 2374 772 2434 subsidium
782 2374 837 2433 sibi
848 2376 1038 2450 submittatur,
1047 2395 1109 2435 sese
1119 2381 1154 2434 25

132 2452 240 2510 diutius
254 2454 391 2510 sustinere
405 2473 463 2510 nou
475 2455 575 2528 posse!

173 2529 244 2587 VII.
285 2529 329 2587 Eri
353 2532 389 2587 de
412 2531 508 2587 media
530 2541 614 2588 nocte
637 2532 743 2599 Caesar,
765 2533 865 2590 iisdem
886 2533 1008 2590 ducibus
1031 2553 1107 2600 usus,

133 2608 182 2682 qui
202 2608 301 2665 nuncii
316 2608 351 2665 ab
372 2607 452 2665 Iccio
466 2619 611 2675 venerant,
625 2609 766 2668 Numidas
778 2622 808 2669 et
827 2611 928 2668 Cretas
941 2611 1108 2685 sagittarios,

132 2696 162 2742 et
182 2685 337 2745 firnditores
351 2685 485 2744 Baleares
505 2687 630 2744 subsidio
643 2688 790 2763 oppidanis
803 2687 906 2745 mittit:
927 2707 1045 2762 quorum
1062 2686 1110 2744 ad-

131 2773 218 2821 ventu
238 2774 267 2821 et
289 2764 401 2832 Remis,
420 2783 487 2822 curn
511 2784 560 2840 spe
581 2765 762 2839 defensionis,
776 2765 900 2823 studium
912 2765 1109 2842 propugnandi
1119 2769 1155 2823 30

133 2843 263 2910 accessit,
283 2853 313 2900 et
333 2843 460 2900 hostibus
482 2844 584 2900 aridem
607 2845 643 2900 de
667 2845 754 2901 causi
778 2863 841 2919 spes
863 2843 992 2919 potiundi
1015 2844 1111 2919 oppidi

131 2920 270 2977 discessit.
311 2919 421 2995 Itaque,
441 2921 582 2996 paulisper
604 2923 678 2996 apud
696 2922 830 2997 oppidum
850 2922 960 2988 morati,
975 2940 1110 2996 agrosque

132 2996 290 3055 Remorum
304 2997 475 3074 depopulati,
497 2998 628 3056 omnibus
642 2998 711 3055 vicis
733 2998 924 3072 aedificiisque,
945 3018 1014 3073 quos
1033 2999 1111 3056 adire

130 3086 270 3150 poterant,
285 3075 421 3143 incensis,
436 3077 472 3132 ad
493 3086 586 3134 castra
599 3076 721 3133 Caesaris
741 3076 873 3134 omnibus
886 3076 975 3152 copiis
995 3087 1111 3148 conten7

131 3154 253 3223 derunt3
274 3153 303 3211 et
323 3155 359 3211 ab
379 3153 504 3211 millibus
516 3173 651 3230 passuum
664 3152 760 3211 miraris
774 3152 805 3211 II
830 3164 924 3211 castra
938 3165 1092 3231 posuerunt
1104 3175 1110 3210 :
1120 3159 1154 3212 3t'

130 3250 194 3307 quae
220 3242 323 3298 castra,
337 3242 370 3288 ut
395 3233 472 3290 fumo
499 3242 581 3306 atque
604 3229 719 3308 ignibus
742 3231 963 3307 significabatur,
992 3229 1112 3304 amplius

131 3309 256 3368 millibus
268 3329 402 3386 passuum
416 3309 493 3368 VIII
507 3310 537 3367 in
550 3310 730 3368 latitudinem
742 3311 886 3385 patebant.

148 3387 257 3446 ·VIII.
299 3388 396 3445 Caesar
415 3387 516 3464 primd,
533 3398 561 3445 et
581 3399 693 3464 propter
706 3387 916 3454 multitudinem
936 3383 1069 3454 hostium,
1083 3398 1112 3444 et

131 3476 243 3542 propter
253 3465 388 3525 eximiam
397 3466 559 3541 opinionem
570 3467 689 3534 virtutis,
697 3466 795 3542 praelio
804 3461 986 3537 supersedere
997 3465 1110 3534 statuit;

133 3544 257 3616 quotidie
264 3555 360 3602 tamen
369 3543 545 3619 equestribus
558 3545 671 3628 preliis,
682 3545 749 3620 quid
761 3541 847 3598 hostis
856 3539 958 3600 virtute
968 3552 1071 3618 posset,
1083 3554 1112 3600 et
1121 3535 1158 3590 40

133 3620 201 3695 quid
209 3621 295 3679 nostri
304 3623 451 3690 auderent,
466 3610 939 3696 sollicitationibuspericlitabatur.
980 3620 1037 3677 Ubi
1047 3639 1111 3676 nos-

132 3709 192 3756 tros
211 3717 268 3756 non
283 3719 343 3758 esse
357 3700 505 3758 inferiores
526 3700 673 3767 intellexit,
693 3699 756 3756 loco
778 3717 829 3773 pro
849 3697 950 3756 castris
970 3699 1005 3754 ad
1020 3697 1109 3754 aciem

133 3777 328 3836 instruendam
348 3780 450 3839 naturai
463 3789 621 3855 opportuno
634 3788 717 3852 atque
731 3776 849 3846 idone03
872 3774 962 3854 (qubd
977 3775 1000 3832 is
1020 3771 1110 3856 cellis,

132 3854 182 3912 ubi
203 3863 296 3914 castra
314 3858 405 3933 posita
417 3867 508 3924 erant,
522 3853 670 3932 pauidum
690 3873 726 3912 ex
746 3855 870 3932 planicie
883 3854 986 3921 editus,
1000 3863 1110 3910 tantum
