2564 4422
195 389 251 448 ιω
555 383 603 436 ns
618 381 733 435 senno
752 369 910 436 eunuco

240 527 294 586 nai
307 497 485 602 amnia,
499 545 535 586 ne
550 526 641 584 notai.
683 525 749 604 11,ae
771 526 980 605 nostraquo„
1000 527 1194 596 schamtona

239 603 327 661 labori
350 609 557 672 srrceumbant3
576 603 703 662 omnium
718 605 893 680 superiorum
912 603 1118 664 dimicationum
1137 607 1196 665 fruo-

238 691 299 739 tum
321 681 353 742 in
367 704 405 744 eo
425 687 471 744 die
489 682 650 758 atquehord
668 684 752 740 docet
770 683 934 740 consistere.
983 682 1135 751 Interiores,
1147 686 1196 742 des·

237 761 347 836 peratis
358 762 559 842 campestribus
571 760 642 818 locis
654 771 767 838 propter
779 759 1008 836 magnitudinem
1021 757 1197 830 munitionum,

211 837 307 900 bloca
327 853 513 920 preruptaex
533 857 654 896 ascensu
675 849 805 897 tentant:
826 841 883 896 huc
903 857 948 905 ea,
963 857 1025 913 que
1045 851 1199 914 paraverant,

242 921 415 979 conferunt:
446 916 626 975 multitudine
652 918 772 976 telorum
798 937 834 974 err
863 917 988 974 turribus
1013 931 1201 994 propugnantes

244 999 409 1058 deturbant:
438 1013 540 1070 aggere
554 1005 583 1052 et
603 997 729 1054 cratibus
749 996 838 1053 fossas
857 995 981 1071 explent,
997 993 1090 1052 aditus
1107 997 1202 1071 expedi·

245 1087 313 1133 unt:
333 1073 449 1132 falcibus
462 1072 567 1130 vallum
582 1093 616 1131 ac
629 1075 747 1137 loricam
760 1074 935 1132 rescindunt
1241 1089 1243 1098 ’

283 1148 466 1208 LXXXVII.
509 1150 607 1209 Caesar
633 1153 719 1210 mittit
745 1150 837 1228 primd
864 1151 984 1209 Brutum
1014 1152 1204 1210 adolescentem

200 1237 233 1290 10
242 1245 309 1286 cum
322 1227 483 1285 cohortibus
496 1227 551 1297 vl,
565 1229 639 1306 pdst,
654 1249 720 1287 cum
735 1230 797 1288 aliis
810 1229 881 1297 VII,
896 1230 930 1286 C.
945 1229 1069 1292 Fabium
1081 1230 1204 1305 legatum:

242 1303 381 1384 postremd
402 1305 472 1381 ipse,
495 1323 583 1382 quum
597 1306 793 1366 vehementids
815 1316 1001 1384 pugnaretur,
1015 1307 1134 1383 integros
1152 1308 1206 1364 sub-

242 1386 314 1442 sidio
327 1384 451 1441 adducit
493 1385 639 1444 Restituto
651 1385 758 1462 prelio,
773 1403 808 1442 ac
821 1384 940 1459 repulsis
956 1383 1091 1452 hostibus,
1104 1383 1148 1452 ed,
1160 1384 1207 1460 qud

241 1463 400 1519 Labienum
433 1463 559 1531 miserat,
594 1464 763 1533 contendit3
797 1464 927 1522 cohortes
961 1462 1005 1519 IV
1030 1481 1065 1520 ex
1094 1464 1210 1537 proximo

240 1539 357 1598 castello
369 1541 486 1611 educit;
514 1543 640 1618 equitum
654 1561 685 1599 se
705 1551 814 1618 partem
835 1540 924 1616 sequi,
946 1552 1054 1616 partem
1071 1540 1212 1598 circumire

200 1625 231 1677 1⁵
238 1618 394 1676 exteriores
411 1621 599 1688 munitiones,
614 1632 643 1679 et
657 1621 693 1678 ab
706 1631 787 1696 tergo
807 1620 902 1677 hostes
916 1618 1024 1695 adoriri·
1038 1618 1126 1694 jubet
1165 1618 1213 1676 La-

241 1697 352 1770 bienus,
373 1708 521 1773 postquam
542 1719 635 1774 neque
662 1715 781 1774 aggeres
801 1717 894 1772 neque
921 1698 1003 1755 fosse
1024 1697 1081 1754 vim
1102 1697 1214 1754 hostium

242 1775 380 1834 sustinere
393 1787 534 1852 poterant,
549 1769 657 1835 eoactis
675 1776 942 1852 undequadraginta
961 1775 1132 1842 cohortibus,
1153 1795 1215 1850 quas

172 1911 178 1926 ,
241 1873 277 1910 ex
302 1854 438 1930 proximis
463 1855 602 1931 presidiis
623 1856 761 1912 deductas
787 1854 843 1912 fors
868 1853 980 1920 obtulit,
1005 1852 1148 1912 Caesarem
1172 1872 1217 1928 per

241 1933 361 1990 nuncios
375 1933 444 1992 iacit
458 1934 616 2001 certiorem,
630 1933 699 2009 quid
713 1933 875 1990 faciendum
889 1931 1039 1988 existimet.

198 2017 233 2070 w
280 2009 485 2082 l-xxxvlss.
527 2013 679 2070 Accelerat
699 2011 807 2078 Cesar,
829 2020 860 2067 ut
879 2010 976 2086 praelio
996 2009 1115 2067 intersit.
1154 2009 1219 2086 Ejus

242 2089 365 2147 adrernu
388 2109 424 2147 ex
452 2090 545 2149 colore
566 2090 684 2148 vestinis
705 2090 829 2165 cognito,
852 2088 921 2165 (quo
944 2088 1051 2164 insigni
1072 2089 1101 2146 in
1122 2087 1221 2164 preliis

242 2167 282 2224 uti
296 2170 508 2248 consueverat)
529 2169 683 2244 turmisque
702 2168 827 2242 equiturn
841 2177 870 2224 et
890 2166 1055 2224 cohortibus
1067 2167 1143 2234 visis,
1157 2184 1222 2241 quas

242 2265 272 2302 se
292 2247 373 2322 sequi
394 2248 526 2323 jusserat,
547 2258 579 2303 ut
599 2248 634 2303 de
661 2246 731 2303 locis
755 2245 945 2321 superioribus
970 2245 1034 2302 haec
1055 2245 1177 2302 declivia
1196 2254 1223 2300 et

227 2324 350 2394 ‘devexa
371 2325 570 2392 cernebantur,
593 2325 687 2382 hostes
699 2324 828 2400 prelium
848 2323 1038 2381 committunt.
1080 2322 1224 2396 Utrimque

197 2407 234 2460 25
243 2401 367 2460 clamore
380 2404 501 2470 sublato,
516 2404 621 2479 excipit
641 2403 737 2460 rursus
750 2423 786 2460 err
799 2401 873 2459 vallo
886 2413 969 2476 atque
989 2402 1124 2459 omnibus
1136 2398 1226 2458 muni·

242 2480 368 2538 tionibus
390 2483 506 2539 clamor.
547 2481 655 2549 Nostri,
676 2481 788 2539 omissis
807 2480 882 2557 pilis,
905 2479 1009 2556 gladiis
1031 2499 1092 2538 rem
1117 2486 1225 2556 gerunt.

243 2558 377 2638 Repente
391 2569 454 2635 post
467 2570 577 2636 tergum
591 2560 732 2636 equitatus
745 2559 890 2617 cernitur:
912 2560 1042 2616 cohortes
1057 2558 1120 2616 alias
1132 2574 1227 2633 appro-

242 2635 399 2712 pinquant:
428 2639 523 2696 hostes
544 2649 624 2715 terga
646 2649 777 2696 vertunt:
806 2637 980 2713 fugientibus
1001 2637 1111 2712 equites
1131 2652 1229 2694 occur·

243 2726 325 2772 runt:
340 2716 595 2792 fitmagnacedes.
637 2715 1023 2792 Sedulius,duxetprinceps
1031 2714 1229 2778 Lemovicum,

200 2793 402 2852 dilocciditur:
431 2794 667 2870 Vergasillaunus
690 2796 836 2852 Arvernus
854 2795 933 2851 virus
954 2794 984 2852 in
1008 2792 1075 2868 fugi
1098 2809 1233 2866 compre·

243 2872 396 2929 benditur:
421 2872 504 2948 signa
524 2873 658 2930 militaria
675 2872 805 2930 LXXIV
827 2874 863 2930 ad
885 2873 1029 2930 Caesarem
1045 2869 1232 2928 referuntur:

243 2949 328 3025 pauci
351 2969 389 3007 ex
413 2960 493 3008 tanto
518 2971 637 3008 numero
660 2971 691 3008 se
718 2949 874 3009 incolumes
901 2951 930 3008 in
957 2961 1051 3007 castra
1075 2947 1234 3024 recipiunt

245 3027 411 3104 Conspicati
433 3049 470 3086 ex
495 3030 599 3106 oppido
622 3031 730 3087 cadem
753 3040 782 3086 et
805 3031 902 3105 sugam
926 3047 1050 3094 suorum,
1079 3021 1237 3102 desperata

244 3105 344 3172 salute,
358 3106 456 3182 copias
470 3128 487 3164 a
502 3108 707 3166 munitionibus
720 3109 869 3166 reducunt.
907 3105 958 3170 ⁴Fit
971 3106 1110 3182 protinus,
1126 3105 1189 3162 hae
1208 3119 1239 3160 re

198 3187 234 3240 ³5
245 3184 351 3251 auditi,
365 3203 401 3241 ex
414 3185 514 3244 castris
524 3186 670 3244 Gallorum
685 3187 760 3262 luga.
799 3185 889 3248 Quod
904 3183 960 3242 nisi
973 3184 1082 3242 crebris
1096 3180 1241 3240 subsidiis

245 3280 281 3318 ac
294 3263 378 3319 totius
399 3261 456 3320 diei
470 3264 565 3320 labore
586 3264 690 3320 milites
711 3264 829 3321 luissent
850 3263 963 3330 defessi,
984 3281 1085 3320 omnes
1105 3261 1242 3319 hostium

246 3340 334 3416 copie
357 3339 445 3397 deleri
465 3341 631 3416 potuissent.
678 3341 722 3398 De
743 3342 838 3400 media
858 3353 943 3400 nocte
964 3341 1068 3398 missus
1088 3339 1245 3416 equitatus

245 3418 428 3476 novissimum
453 3437 555 3494 agmen
579 3420 782 3494 consequitur:
814 3439 935 3496 magnus
958 3438 1096 3476 numerus
1120 3417 1246 3494 capitur

244 3505 329 3569 atque
343 3496 525 3554 interficitur:
546 3497 646 3572 reliqui
660 3517 695 3554 ex
709 3497 777 3573 fugi
791 3497 820 3555 in
834 3499 964 3556 civitates
976 3497 1141 3554 discedunt.

198 3577 235 3631 40
284 3573 457 3632 LXXXIX.
499 3575 615 3636 Postero
628 3576 675 3632 die
688 3575 914 3651 Vercingetorix,
926 3575 1050 3634 concilio
1063 3583 1248 3636 convocato,

246 3651 298 3708 ‘ld
313 3672 343 3709 se
358 3653 462 3711 bellum
476 3655 634 3730 suscepisse
647 3673 704 3711 non
726 3673 840 3712 suarum
854 3654 1066 3720 necessitatum,
1082 3654 1136 3709 sed
1160 3668 1250 3708 eom-

152 3787 162 3792 ,
221 3793 226 3808 ι
245 3731 341 3788 munis
354 3732 490 3790 libertatis
503 3733 609 3800 causd,'
625 3733 816 3790 demonstrat:
839 3741 894 3797 ‘et‚
907 3731 1043 3804 quoniam
1060 3731 1098 3787 sit
1111 3731 1250 3788 fortunar

248 3809 419 3878 cedendum,
434 3811 468 3870 ad
491 3821 639 3886 utramque
651 3829 712 3868 rem
733 3830 764 3868 se
784 3807 839 3866 illis
858 3808 969 3875 offerre,
992 3829 1043 3867 seu
1063 3820 1161 3866 morte
1191 3803 1253 3863 suh

250 3885 391 3948 Romanis
403 3887 572 3953 satisfacere,
584 3907 635 3944 ssu
648 3887 742 3944 vivum
753 3885 863 3944 tradere
877 3881 985 3942 velint!
1025 3885 1193 3944 Mittuntur
1210 3883 1254 3939 de
