<?xml version="1.0" encoding="UTF-8"?>
<!DOCTYPE html PUBLIC "-//W3C//DTD XHTML 1.0 Transitional//EN"
    "http://www.w3.org/TR/xhtml1/DTD/xhtml1-transitional.dtd">
<html xmlns="http://www.w3.org/1999/xhtml" xml:lang="en" lang="en">
 <head>
  <title>
</title>
<meta http-equiv="Content-Type" content="text/html;charset=utf-8" />
  <meta name='ocr-system' content='tesseract 3.04.00' />
  <meta name='ocr-capabilities' content='ocr_page ocr_carea ocr_par ocr_line ocrx_word'/>
</head>
<body>
  <div class='ocr_page' id='page_1' title='image "./commentariidebe00levegoog_0108.png"; bbox 0 0 2564 4422; ppageno 0'>
   <div class='ocr_carea' id='block_1_1' title="bbox 464 344 1138 416">
    <p class='ocr_par' dir='ltr' id='par_1_1' title="bbox 464 344 1138 416">
     <span class='ocr_line' id='line_1_1' title="bbox 464 344 1138 416; baseline 0.01 -20"><span class='ocrx_word' id='word_1_1' title='bbox 464 345 571 397; x_wconf 77' lang='lat' dir='ltr'><strong>ursan</strong></span> <span class='ocrx_word' id='word_1_2' title='bbox 588 344 734 400; x_wconf 76' lang='lat' dir='ltr'><strong>sunaus.</strong></span> <span class='ocrx_word' id='word_1_3' title='bbox 1096 357 1138 416; x_wconf 70' lang='lat' dir='ltr'><strong>m</strong></span> 
     </span>
    </p>
   </div>
   <div class='ocr_carea' id='block_1_2' title="bbox 101 485 1088 564">
    <p class='ocr_par' dir='ltr' id='par_1_2' title="bbox 101 485 1088 564">
     <span class='ocr_line' id='line_1_2' title="bbox 101 485 1088 564; baseline 0.003 -15"><span class='ocrx_word' id='word_1_4' title='bbox 101 490 219 549; x_wconf 68' lang='lat' dir='ltr'><strong>cuno</strong></span> <span class='ocrx_word' id='word_1_5' title='bbox 231 488 382 548; x_wconf 88' lang='lat' dir='ltr'><strong>relictum:</strong></span> <span class='ocrx_word' id='word_1_6' title='bbox 403 487 509 564; x_wconf 82' lang='lat' dir='ltr'><strong>primos</strong></span> <span class='ocrx_word' id='word_1_7' title='bbox 528 485 695 546; x_wconf 76' lang='lat' dir='ltr'><strong>Eburonum</strong></span> <span class='ocrx_word' id='word_1_8' title='bbox 709 489 780 546; x_wconf 85' lang='lat' dir='ltr'><strong>fines</strong></span> <span class='ocrx_word' id='word_1_9' title='bbox 793 488 916 558; x_wconf 82' lang='lat' dir='ltr'><strong>adeunt3</strong></span> <span class='ocrx_word' id='word_1_10' title='bbox 936 491 1039 552; x_wconf 86' lang='lat' dir='ltr'><strong>multos</strong></span> <span class='ocrx_word' id='word_1_11' title='bbox 1051 511 1088 552; x_wconf 83' lang='lat' dir='ltr'><strong>ex</strong></span> 
     </span>
    </p>
   </div>
   <div class='ocr_carea' id='block_1_3' title="bbox 99 566 1222 2357">
    <p class='ocr_par' dir='ltr' id='par_1_3' title="bbox 99 566 1222 2357">
     <span class='ocr_line' id='line_1_3' title="bbox 104 566 1088 646; baseline 0.008 -25"><span class='ocrx_word' id='word_1_12' title='bbox 104 569 175 645; x_wconf 70' lang='lat' dir='ltr'><strong>fug-t</strong></span> <span class='ocrx_word' id='word_1_13' title='bbox 187 568 329 646; x_wconf 61' lang='lat' dir='ltr'><strong>dispersa</strong></span> <span class='ocrx_word' id='word_1_14' title='bbox 347 566 513 642; x_wconf 78' lang='lat' dir='ltr'><strong>excipiunt3</strong></span> <span class='ocrx_word' id='word_1_15' title='bbox 533 585 638 642; x_wconf 83' lang='lat' dir='ltr'><strong>magno</strong></span> <span class='ocrx_word' id='word_1_16' title='bbox 657 567 769 641; x_wconf 85' lang='lat' dir='ltr'><strong>pecoris</strong></span> <span class='ocrx_word' id='word_1_17' title='bbox 781 585 910 634; x_wconf 89' lang='lat' dir='ltr'><strong>numero,</strong></span> <span class='ocrx_word' id='word_1_18' title='bbox 926 570 1009 646; x_wconf 85' lang='lat' dir='ltr'><strong>cujus</strong></span> <span class='ocrx_word' id='word_1_19' title='bbox 1021 583 1088 629; x_wconf 88' lang='lat' dir='ltr'><strong>sunt</strong></span> 
     </span>
     <span class='ocr_line' id='line_1_4' title="bbox 103 643 1222 725; baseline -0.002 -21"><span class='ocrx_word' id='word_1_20' title='bbox 103 647 280 722; x_wconf 89' lang='lat' dir='ltr'><strong>cupidissimi</strong></span> <span class='ocrx_word' id='word_1_21' title='bbox 302 645 427 710; x_wconf 83' lang='lat' dir='ltr'><strong>barbari,</strong></span> <span class='ocrx_word' id='word_1_22' title='bbox 441 644 594 720; x_wconf 67' lang='lat' dir='ltr'><strong>pmiuntur.</strong></span> <span class='ocrx_word' id='word_1_23' title='bbox 636 643 752 702; x_wconf 86' lang='lat' dir='ltr'><strong>Invitati</strong></span> <span class='ocrx_word' id='word_1_24' title='bbox 773 645 878 720; x_wconf 66' lang='lat' dir='ltr'><strong>medi,</strong></span> <span class='ocrx_word' id='word_1_25' title='bbox 893 646 1006 723; x_wconf 75' lang='lat' dir='ltr'><strong>longius</strong></span> <span class='ocrx_word' id='word_1_26' title='bbox 1024 668 1088 725; x_wconf 82' lang='lat' dir='ltr'><strong>pro·</strong></span> <span class='ocrx_word' id='word_1_27' title='bbox 1212 669 1222 678; x_wconf 90' lang='lat'>·</span> 
     </span>
     <span class='ocr_line' id='line_1_5' title="bbox 102 720 1173 798; baseline 0.004 -16"><span class='ocrx_word' id='word_1_28' title='bbox 102 725 218 782; x_wconf 75' lang='lat' dir='ltr'><strong>cadmia.</strong></span> <span class='ocrx_word' id='word_1_29' title='bbox 260 723 329 781; x_wconf 64' lang='lat' dir='ltr'><strong>reon</strong></span> <span class='ocrx_word' id='word_1_30' title='bbox 353 723 404 779; x_wconf 86' lang='lat' dir='ltr'><strong>bos</strong></span> <span class='ocrx_word' id='word_1_31' title='bbox 424 721 515 796; x_wconf 87' lang='lat' dir='ltr'><strong>palus,</strong></span> <span class='ocrx_word' id='word_1_32' title='bbox 536 721 567 777; x_wconf 90' lang='lat' dir='ltr'><strong>in</strong></span> <span class='ocrx_word' id='word_1_33' title='bbox 591 720 666 778; x_wconf 86' lang='lat' dir='ltr'><strong>bello</strong></span> <span class='ocrx_word' id='word_1_34' title='bbox 684 721 896 798; x_wconf 70' lang='lat' dir='ltr'><strong>latrociniisque</strong></span> <span class='ocrx_word' id='word_1_35' title='bbox 917 735 1008 793; x_wconf 88' lang='lat' dir='ltr'><strong>natos,</strong></span> <span class='ocrx_word' id='word_1_36' title='bbox 1028 745 1087 786; x_wconf 87' lang='lat' dir='ltr'><strong>ncn</strong></span> <span class='ocrx_word' id='word_1_37' title='bbox 1170 727 1173 740; x_wconf 89' lang='lat'>&#39;</span> 
     </span>
     <span class='ocr_line' id='line_1_6' title="bbox 102 798 1130 888; baseline 0 -28"><span class='ocrx_word' id='word_1_38' title='bbox 102 803 188 878; x_wconf 67' lang='lat' dir='ltr'><strong>sylae</strong></span> <span class='ocrx_word' id='word_1_39' title='bbox 209 812 370 859; x_wconf 85' lang='lat' dir='ltr'><strong>morantur:</strong></span> <span class='ocrx_word' id='word_1_40' title='bbox 391 798 495 888; x_wconf 82' lang='lat' dir='ltr'><strong>quibus</strong></span> <span class='ocrx_word' id='word_1_41' title='bbox 515 798 546 856; x_wconf 87' lang='lat' dir='ltr'><strong>iu</strong></span> <span class='ocrx_word' id='word_1_42' title='bbox 557 798 685 888; x_wconf 58' lang='lat' dir='ltr'><strong>luciosit</strong></span> <span class='ocrx_word' id='word_1_43' title='bbox 698 800 806 867; x_wconf 73' lang='lat' dir='ltr'><strong>Cesar,</strong></span> <span class='ocrx_word' id='word_1_44' title='bbox 820 819 856 858; x_wconf 84' lang='lat' dir='ltr'><strong>ex</strong></span> <span class='ocrx_word' id='word_1_45' title='bbox 876 802 995 877; x_wconf 84' lang='lat' dir='ltr'><strong>captivis</strong></span> <span class='ocrx_word' id='word_1_46' title='bbox 1011 823 1087 879; x_wconf 71' lang='lat' dir='ltr'><strong>quis-</strong></span> <span class='ocrx_word' id='word_1_47' title='bbox 1112 817 1130 870; x_wconf 77' lang='lat'><strong>5</strong></span> 
     </span>
     <span class='ocr_line' id='line_1_7' title="bbox 101 873 1087 1034; baseline 0.001 -19"><span class='ocrx_word' id='word_1_48' title='bbox 101 873 1087 1034; x_wconf 49' lang='lat' dir='ltr'><strong>rnaattratrrlrntrrrz‘ntttrr?‹tritu&amp;</strong></span> 
     </span>
     <span class='ocr_line' id='line_1_8' title="bbox 102 1033 1189 1112; baseline 0.003 -20"><span class='ocrx_word' id='word_1_49' title='bbox 102 1035 210 1109; x_wconf 83' lang='lat' dir='ltr'><strong>inquit,</strong></span> <span class='ocrx_word' id='word_1_50' title='bbox 223 1036 317 1091; x_wconf 85' lang='lat' dir='ltr'><strong>‘hano</strong></span> <span class='ocrx_word' id='word_1_51' title='bbox 338 1033 469 1090; x_wconf 86' lang='lat' dir='ltr'><strong>miseram</strong></span> <span class='ocrx_word' id='word_1_52' title='bbox 490 1050 525 1088; x_wconf 87' lang='lat' dir='ltr'><strong>ac</strong></span> <span class='ocrx_word' id='word_1_53' title='bbox 538 1042 653 1090; x_wconf 83' lang='lat' dir='ltr'><strong>tenuem</strong></span> <span class='ocrx_word' id='word_1_54' title='bbox 674 1034 824 1092; x_wconf 83' lang='lat' dir='ltr'><strong>sectamini</strong></span> <span class='ocrx_word' id='word_1_55' title='bbox 836 1036 971 1110; x_wconf 76' lang='lat' dir='ltr'><strong>predam,</strong></span> <span class='ocrx_word' id='word_1_56' title='bbox 985 1037 1088 1112; x_wconf 89' lang='lat' dir='ltr'><strong>quibus</strong></span> <span class='ocrx_word' id='word_1_57' title='bbox 1111 1049 1115 1056; x_wconf 84' lang='lat'>&#39;</span> <span class='ocrx_word' id='word_1_58' title='bbox 1185 1063 1189 1070; x_wconf 90' lang='lat'><em>·</em></span> 
     </span>
     <span class='ocr_line' id='line_1_9' title="bbox 103 1109 1158 1189; baseline 0.004 -21"><span class='ocrx_word' id='word_1_59' title='bbox 103 1111 178 1168; x_wconf 87' lang='lat' dir='ltr'><strong>licet</strong></span> <span class='ocrx_word' id='word_1_60' title='bbox 196 1112 260 1186; x_wconf 74' lang='lat' dir='ltr'><strong>‘jam</strong></span> <span class='ocrx_word' id='word_1_61' title='bbox 286 1131 348 1168; x_wconf 86' lang='lat' dir='ltr'><strong>esse</strong></span> <span class='ocrx_word' id='word_1_62' title='bbox 374 1109 620 1167; x_wconf 65' lang='lat' dir='ltr'><strong>fortunatissimis?</strong></span> <span class='ocrx_word' id='word_1_63' title='bbox 669 1110 777 1167; x_wconf 87' lang='lat' dir='ltr'><strong>Tribus</strong></span> <span class='ocrx_word' id='word_1_64' title='bbox 802 1113 878 1169; x_wconf 90' lang='lat' dir='ltr'><strong>horis</strong></span> <span class='ocrx_word' id='word_1_65' title='bbox 904 1114 1087 1173; x_wconf 73' lang='lat' dir='ltr'><strong>Aduatucam</strong></span> <span class='ocrx_word' id='word_1_66' title='bbox 1153 1179 1158 1189; x_wconf 38' lang='grc' dir='ltr'>Ι</span> 
     </span>
     <span class='ocr_line' id='line_1_10' title="bbox 104 1187 1131 1264; baseline 0.006 -20"><span class='ocrx_word' id='word_1_67' title='bbox 104 1189 206 1246; x_wconf 80' lang='lat' dir='ltr'><strong>venire</strong></span> <span class='ocrx_word' id='word_1_68' title='bbox 214 1189 347 1264; x_wconf 87' lang='lat' dir='ltr'><strong>potestis:</strong></span> <span class='ocrx_word' id='word_1_69' title='bbox 368 1187 1131 1256; x_wconf 79' lang='lat' dir='ltr'><strong>hucomnessuasfortunnsexercitusRomancrum10</strong></span> 
     </span>
     <span class='ocr_line' id='line_1_11' title="bbox 101 1266 1087 1346; baseline 0.001 -21"><span class='ocrx_word' id='word_1_70' title='bbox 101 1267 245 1325; x_wconf 89' lang='lat' dir='ltr'><strong>contulit:</strong></span> <span class='ocrx_word' id='word_1_71' title='bbox 273 1266 396 1341; x_wconf 73' lang='lat' dir='ltr'><strong>presidii</strong></span> <span class='ocrx_word' id='word_1_72' title='bbox 421 1276 530 1324; x_wconf 87' lang='lat' dir='ltr'><strong>tantum</strong></span> <span class='ocrx_word' id='word_1_73' title='bbox 556 1275 609 1331; x_wconf 85' lang='lat' dir='ltr'><strong>est,</strong></span> <span class='ocrx_word' id='word_1_74' title='bbox 633 1276 664 1322; x_wconf 90' lang='lat' dir='ltr'><strong>ut</strong></span> <span class='ocrx_word' id='word_1_75' title='bbox 689 1284 727 1323; x_wconf 91' lang='lat' dir='ltr'><strong>ne</strong></span> <span class='ocrx_word' id='word_1_76' title='bbox 752 1285 850 1323; x_wconf 90' lang='lat' dir='ltr'><strong>murus</strong></span> <span class='ocrx_word' id='word_1_77' title='bbox 872 1269 986 1343; x_wconf 85' lang='lat' dir='ltr'><strong>quidem</strong></span> <span class='ocrx_word' id='word_1_78' title='bbox 1009 1271 1087 1346; x_wconf 82' lang='lat' dir='ltr'><strong>cingi</strong></span> 
     </span>
     <span class='ocr_line' id='line_1_12' title="bbox 101 1343 1087 1421; baseline 0.005 -21"><span class='ocrx_word' id='word_1_79' title='bbox 101 1345 202 1421; x_wconf 86' lang='lat' dir='ltr'><strong>possit,</strong></span> <span class='ocrx_word' id='word_1_80' title='bbox 230 1363 324 1418; x_wconf 88' lang='lat' dir='ltr'><strong>neque</strong></span> <span class='ocrx_word' id='word_1_81' title='bbox 356 1343 502 1418; x_wconf 82' lang='lat' dir='ltr'><strong>quisquam</strong></span> <span class='ocrx_word' id='word_1_82' title='bbox 527 1343 625 1418; x_wconf 85' lang='lat' dir='ltr'><strong>egredi</strong></span> <span class='ocrx_word' id='word_1_83' title='bbox 655 1355 734 1401; x_wconf 87' lang='lat' dir='ltr'><strong>extra</strong></span> <span class='ocrx_word' id='word_1_84' title='bbox 759 1345 932 1404; x_wconf 79' lang='lat' dir='ltr'><strong>munitiones</strong></span> <span class='ocrx_word' id='word_1_85' title='bbox 964 1348 1087 1405; x_wconf 61' lang='lat' dir='ltr'><strong>audeat!</strong></span> 
     </span>
     <span class='ocr_line' id='line_1_13' title="bbox 101 1421 1088 1498; baseline 0.004 -18"><span class='ocrx_word' id='word_1_86' title='bbox 101 1422 211 1480; x_wconf 73' lang='lat' dir='ltr'><strong>ouran</strong></span> <span class='ocrx_word' id='word_1_87' title='bbox 232 1440 292 1498; x_wconf 89' lang='lat' dir='ltr'><strong>spe,</strong></span> <span class='ocrx_word' id='word_1_88' title='bbox 306 1422 453 1488; x_wconf 80' lang='lat' dir='ltr'><strong>Germani,</strong></span> <span class='ocrx_word' id='word_1_89' title='bbox 466 1439 552 1496; x_wconf 81' lang='lat' dir='ltr'><strong>quam</strong></span> <span class='ocrx_word' id='word_1_90' title='bbox 573 1421 650 1478; x_wconf 89' lang='lat' dir='ltr'><strong>nacti</strong></span> <span class='ocrx_word' id='word_1_91' title='bbox 671 1432 752 1480; x_wconf 85' lang='lat' dir='ltr'><strong>erant</strong></span> <span class='ocrx_word' id='word_1_92' title='bbox 772 1423 906 1498; x_wconf 76' lang='lat' dir='ltr'><strong>predam,</strong></span> <span class='ocrx_word' id='word_1_93' title='bbox 925 1425 954 1482; x_wconf 88' lang='lat' dir='ltr'><strong>in</strong></span> <span class='ocrx_word' id='word_1_94' title='bbox 974 1425 1088 1484; x_wconf 74' lang='lat' dir='ltr'><strong>coemto</strong></span> 
     </span>
     <span class='ocr_line' id='line_1_14' title="bbox 102 1499 1086 1576; baseline 0.005 -20"><span class='ocrx_word' id='word_1_95' title='bbox 102 1500 286 1575; x_wconf 80' lang='lat' dir='ltr'><strong>relinquunt3</strong></span> <span class='ocrx_word' id='word_1_96' title='bbox 314 1499 368 1576; x_wconf 84' lang='lat' dir='ltr'><strong>ipsi</strong></span> <span class='ocrx_word' id='word_1_97' title='bbox 389 1501 572 1556; x_wconf 74' lang='lat' dir='ltr'><strong>Aduatucam</strong></span> <span class='ocrx_word' id='word_1_98' title='bbox 596 1500 782 1566; x_wconf 88' lang='lat' dir='ltr'><strong>contendunt,</strong></span> <span class='ocrx_word' id='word_1_99' title='bbox 809 1500 853 1558; x_wconf 90' lang='lat' dir='ltr'><strong>usi</strong></span> <span class='ocrx_word' id='word_1_100' title='bbox 876 1503 976 1560; x_wconf 88' lang='lat' dir='ltr'><strong>eodem</strong></span> <span class='ocrx_word' id='word_1_101' title='bbox 1003 1503 1086 1572; x_wconf 88' lang='lat' dir='ltr'><strong>duce,</strong></span> 
     </span>
     <span class='ocr_line' id='line_1_15' title="bbox 102 1577 1130 1653; baseline 0.002 -19"><span class='ocrx_word' id='word_1_102' title='bbox 102 1577 191 1653; x_wconf 73' lang='lat' dir='ltr'><strong>cnjus</strong></span> <span class='ocrx_word' id='word_1_103' title='bbox 204 1579 267 1634; x_wconf 75' lang='lat' dir='ltr'><strong>brec</strong></span> <span class='ocrx_word' id='word_1_104' title='bbox 280 1577 385 1634; x_wconf 87' lang='lat' dir='ltr'><strong>indicio</strong></span> <span class='ocrx_word' id='word_1_105' title='bbox 398 1587 599 1652; x_wconf 79' lang='lat' dir='ltr'><strong>cognoverant.</strong></span> <span class='ocrx_word' id='word_1_106' title='bbox 992 1607 1009 1653; x_wconf 63' lang='lat' dir='ltr'><strong>Q·</strong></span> <span class='ocrx_word' id='word_1_107' title='bbox 1073 1591 1130 1644; x_wconf 71' lang='lat'><strong>&#39;15</strong></span> 
     </span>
     <span class='ocr_line' id='line_1_16' title="bbox 127 1653 1087 1734; baseline 0.004 -22"><span class='ocrx_word' id='word_1_108' title='bbox 127 1653 293 1712; x_wconf 82' lang='lat' dir='ltr'>&#39;XXXVL</span> <span class='ocrx_word' id='word_1_109' title='bbox 332 1655 444 1721; x_wconf 83' lang='lat' dir='ltr'><strong>Cicero,</strong></span> <span class='ocrx_word' id='word_1_110' title='bbox 458 1654 506 1730; x_wconf 90' lang='lat' dir='ltr'><strong>qui</strong></span> <span class='ocrx_word' id='word_1_111' title='bbox 519 1673 569 1730; x_wconf 89' lang='lat' dir='ltr'><strong>per</strong></span> <span class='ocrx_word' id='word_1_112' title='bbox 581 1671 681 1711; x_wconf 89' lang='lat' dir='ltr'><strong>omnes</strong></span> <span class='ocrx_word' id='word_1_113' title='bbox 694 1655 852 1730; x_wconf 79' lang='lat' dir='ltr'><strong>superiores</strong></span> <span class='ocrx_word' id='word_1_114' title='bbox 864 1656 926 1712; x_wconf 92' lang='lat' dir='ltr'><strong>dies</strong></span> <span class='ocrx_word' id='word_1_115' title='bbox 939 1660 1087 1734; x_wconf 70' lang='lat' dir='ltr'><strong>praeceptis</strong></span> 
     </span>
     <span class='ocr_line' id='line_1_17' title="bbox 102 1731 1086 1808; baseline 0.004 -18"><span class='ocrx_word' id='word_1_116' title='bbox 102 1732 233 1790; x_wconf 67' lang='lat' dir='ltr'><strong>Caesaris</strong></span> <span class='ocrx_word' id='word_1_117' title='bbox 252 1731 360 1789; x_wconf 60' lang='lat' dir='ltr'><strong>summu</strong></span> <span class='ocrx_word' id='word_1_118' title='bbox 379 1733 529 1808; x_wconf 71' lang='lat' dir='ltr'><strong>diligentia</strong></span> <span class='ocrx_word' id='word_1_119' title='bbox 546 1732 650 1790; x_wconf 86' lang='lat' dir='ltr'><strong>milites</strong></span> <span class='ocrx_word' id='word_1_120' title='bbox 671 1732 701 1788; x_wconf 89' lang='lat' dir='ltr'><strong>in</strong></span> <span class='ocrx_word' id='word_1_121' title='bbox 722 1733 821 1789; x_wconf 84' lang='lat' dir='ltr'><strong>castris</strong></span> <span class='ocrx_word' id='word_1_122' title='bbox 842 1733 1037 1802; x_wconf 89' lang='lat' dir='ltr'><strong>continuisset,</strong></span> <span class='ocrx_word' id='word_1_123' title='bbox 1052 1755 1086 1794; x_wconf 87' lang='lat' dir='ltr'><strong>ac</strong></span> 
     </span>
     <span class='ocr_line' id='line_1_18' title="bbox 100 1809 1086 1886; baseline 0.001 -18"><span class='ocrx_word' id='word_1_124' title='bbox 100 1829 141 1868; x_wconf 88' lang='lat' dir='ltr'><strong>ne</strong></span> <span class='ocrx_word' id='word_1_125' title='bbox 155 1810 286 1868; x_wconf 79' lang='lat' dir='ltr'><strong>calonem</strong></span> <span class='ocrx_word' id='word_1_126' title='bbox 296 1811 410 1885; x_wconf 88' lang='lat' dir='ltr'><strong>quidem</strong></span> <span class='ocrx_word' id='word_1_127' title='bbox 419 1829 580 1886; x_wconf 89' lang='lat' dir='ltr'><strong>quenquam</strong></span> <span class='ocrx_word' id='word_1_128' title='bbox 591 1821 671 1867; x_wconf 79' lang='lat' dir='ltr'><strong>extra</strong></span> <span class='ocrx_word' id='word_1_129' title='bbox 680 1809 866 1868; x_wconf 87' lang='lat' dir='ltr'><strong>munitionem</strong></span> <span class='ocrx_word' id='word_1_130' title='bbox 879 1811 978 1886; x_wconf 83' lang='lat' dir='ltr'><strong>egredi</strong></span> <span class='ocrx_word' id='word_1_131' title='bbox 987 1830 1086 1886; x_wconf 87' lang='lat' dir='ltr'><strong>passus</strong></span> 
     </span>
     <span class='ocr_line' id='line_1_19' title="bbox 99 1888 1085 1964; baseline 0 -18"><span class='ocrx_word' id='word_1_132' title='bbox 99 1898 189 1955; x_wconf 86' lang='lat' dir='ltr'><strong>essct,</strong></span> <span class='ocrx_word' id='word_1_133' title='bbox 200 1889 319 1964; x_wconf 88' lang='lat' dir='ltr'><strong>septimo</strong></span> <span class='ocrx_word' id='word_1_134' title='bbox 327 1889 374 1945; x_wconf 87' lang='lat' dir='ltr'><strong>die</strong></span> <span class='ocrx_word' id='word_1_135' title='bbox 387 1889 529 1956; x_wconf 88' lang='lat' dir='ltr'><strong>diffidens,</strong></span> <span class='ocrx_word' id='word_1_136' title='bbox 540 1889 577 1946; x_wconf 87' lang='lat' dir='ltr'><strong>de</strong></span> <span class='ocrx_word' id='word_1_137' title='bbox 590 1907 709 1945; x_wconf 87' lang='lat' dir='ltr'><strong>numero</strong></span> <span class='ocrx_word' id='word_1_138' title='bbox 722 1888 832 1945; x_wconf 85' lang='lat' dir='ltr'><strong>dierum</strong></span> <span class='ocrx_word' id='word_1_139' title='bbox 845 1889 989 1946; x_wconf 72' lang='lat' dir='ltr'><strong>Cesaram</strong></span> <span class='ocrx_word' id='word_1_140' title='bbox 1000 1889 1085 1947; x_wconf 89' lang='lat' dir='ltr'><strong>fidem</strong></span> 
     </span>
     <span class='ocr_line' id='line_1_20' title="bbox 100 1965 1129 2042; baseline 0.001 -18"><span class='ocrx_word' id='word_1_141' title='bbox 100 1974 289 2033; x_wconf 76' lang='lat' dir='ltr'><strong>servaturum,</strong></span> <span class='ocrx_word' id='word_1_142' title='bbox 311 1965 388 2041; x_wconf 82' lang='lat' dir='ltr'><strong>qudd</strong></span> <span class='ocrx_word' id='word_1_143' title='bbox 408 1966 522 2042; x_wconf 73' lang='lat' dir='ltr'><strong>longius</strong></span> <span class='ocrx_word' id='word_1_144' title='bbox 542 1985 609 2024; x_wconf 87' lang='lat' dir='ltr'><strong>eum</strong></span> <span class='ocrx_word' id='word_1_145' title='bbox 627 1983 806 2042; x_wconf 88' lang='lat' dir='ltr'><strong>progressum</strong></span> <span class='ocrx_word' id='word_1_146' title='bbox 828 1966 970 2035; x_wconf 83' lang='lat' dir='ltr'><strong>audiebat,</strong></span> <span class='ocrx_word' id='word_1_147' title='bbox 992 1977 1129 2042; x_wconf 60' lang='lat' dir='ltr'><strong>nequent)</strong></span> 
     </span>
     <span class='ocr_line' id='line_1_21' title="bbox 101 2043 1085 2122; baseline 0.003 -21"><span class='ocrx_word' id='word_1_148' title='bbox 101 2045 160 2103; x_wconf 86' lang='lat' dir='ltr'><strong>ulla</strong></span> <span class='ocrx_word' id='word_1_149' title='bbox 179 2044 216 2101; x_wconf 87' lang='lat' dir='ltr'><strong>de</strong></span> <span class='ocrx_word' id='word_1_150' title='bbox 230 2045 292 2120; x_wconf 89' lang='lat' dir='ltr'><strong>ejus</strong></span> <span class='ocrx_word' id='word_1_151' title='bbox 309 2044 403 2101; x_wconf 89' lang='lat' dir='ltr'><strong>reditu</strong></span> <span class='ocrx_word' id='word_1_152' title='bbox 423 2043 500 2102; x_wconf 86' lang='lat' dir='ltr'><strong>sama</strong></span> <span class='ocrx_word' id='word_1_153' title='bbox 513 2045 700 2113; x_wconf 80' lang='lat' dir='ltr'><strong>afferebatur3</strong></span> <span class='ocrx_word' id='word_1_154' title='bbox 720 2043 804 2101; x_wconf 89' lang='lat' dir='ltr'><strong>simul</strong></span> <span class='ocrx_word' id='word_1_155' title='bbox 822 2063 919 2120; x_wconf 82' lang='lat' dir='ltr'><strong>eorum</strong></span> <span class='ocrx_word' id='word_1_156' title='bbox 941 2055 1085 2122; x_wconf 86' lang='lat' dir='ltr'><strong>permotus</strong></span> 
     </span>
     <span class='ocr_line' id='line_1_22' title="bbox 100 2121 1085 2200; baseline 0.002 -21"><span class='ocrx_word' id='word_1_157' title='bbox 100 2123 230 2190; x_wconf 84' lang='lat' dir='ltr'><strong>vocibus,</strong></span> <span class='ocrx_word' id='word_1_158' title='bbox 243 2123 292 2198; x_wconf 90' lang='lat' dir='ltr'><strong>qui</strong></span> <span class='ocrx_word' id='word_1_159' title='bbox 312 2123 389 2179; x_wconf 88' lang='lat' dir='ltr'><strong>illius</strong></span> <span class='ocrx_word' id='word_1_160' title='bbox 407 2123 573 2198; x_wconf 86' lang='lat' dir='ltr'><strong>patientiam</strong></span> <span class='ocrx_word' id='word_1_161' title='bbox 593 2121 668 2198; x_wconf 72' lang='lat' dir='ltr'><strong>pene</strong></span> <span class='ocrx_word' id='word_1_162' title='bbox 683 2123 875 2180; x_wconf 89' lang='lat' dir='ltr'><strong>obsessionem</strong></span> <span class='ocrx_word' id='word_1_163' title='bbox 896 2123 1085 2200; x_wconf 86' lang='lat' dir='ltr'><strong>appellabant,</strong></span> 
     </span>
     <span class='ocr_line' id='line_1_23' title="bbox 100 2197 1086 2278; baseline 0.003 -21"><span class='ocrx_word' id='word_1_164' title='bbox 100 2197 243 2276; x_wconf 80' lang='lat' dir='ltr'><strong>siquidem</strong></span> <span class='ocrx_word' id='word_1_165' title='bbox 266 2219 302 2258; x_wconf 87' lang='lat' dir='ltr'><strong>ex</strong></span> <span class='ocrx_word' id='word_1_166' title='bbox 328 2199 430 2258; x_wconf 84' lang='lat' dir='ltr'><strong>castris</strong></span> <span class='ocrx_word' id='word_1_167' title='bbox 454 2201 552 2277; x_wconf 78' lang='lat' dir='ltr'><strong>egredi</strong></span> <span class='ocrx_word' id='word_1_168' title='bbox 578 2219 636 2258; x_wconf 89' lang='lat' dir='ltr'><strong>non</strong></span> <span class='ocrx_word' id='word_1_169' title='bbox 662 2201 782 2270; x_wconf 89' lang='lat' dir='ltr'><strong>liceret;</strong></span> <span class='ocrx_word' id='word_1_170' title='bbox 812 2201 921 2259; x_wconf 90' lang='lat' dir='ltr'><strong>nullum</strong></span> <span class='ocrx_word' id='word_1_171' title='bbox 947 2202 1086 2278; x_wconf 87' lang='lat' dir='ltr'><strong>ejusmodi</strong></span> 
     </span>
     <span class='ocr_line' id='line_1_24' title="bbox 99 2278 1085 2357; baseline 0.003 -21"><span class='ocrx_word' id='word_1_172' title='bbox 99 2295 201 2336; x_wconf 76' lang='lat' dir='ltr'><strong>canum</strong></span> <span class='ocrx_word' id='word_1_173' title='bbox 211 2289 391 2354; x_wconf 78' lang='lat' dir='ltr'><strong>exspectans,</strong></span> <span class='ocrx_word' id='word_1_174' title='bbox 400 2295 465 2354; x_wconf 85' lang='lat' dir='ltr'><strong>quo,</strong></span> <span class='ocrx_word' id='word_1_175' title='bbox 480 2297 581 2337; x_wconf 84' lang='lat' dir='ltr'><strong>novem</strong></span> <span class='ocrx_word' id='word_1_176' title='bbox 593 2278 728 2354; x_wconf 88' lang='lat' dir='ltr'><strong>oppositis</strong></span> <span class='ocrx_word' id='word_1_177' title='bbox 738 2279 898 2354; x_wconf 79' lang='lat' dir='ltr'><strong>legionibus</strong></span> <span class='ocrx_word' id='word_1_178' title='bbox 908 2281 1085 2357; x_wconf 82' lang='lat' dir='ltr'><strong>maximoque</strong></span> 
     </span>
    </p>
   </div>
   <div class='ocr_carea' id='block_1_4' title="bbox 99 2356 1279 2433">
    <p class='ocr_par' dir='ltr' id='par_1_4' title="bbox 99 2356 1279 2433">
     <span class='ocr_line' id='line_1_25' title="bbox 99 2356 1279 2433; baseline 0.007 -20"><span class='ocrx_word' id='word_1_179' title='bbox 99 2357 240 2432; x_wconf 88' lang='lat' dir='ltr'><strong>equitatu,</strong></span> <span class='ocrx_word' id='word_1_180' title='bbox 248 2356 382 2432; x_wconf 84' lang='lat' dir='ltr'><strong>dispersis</strong></span> <span class='ocrx_word' id='word_1_181' title='bbox 392 2376 427 2414; x_wconf 91' lang='lat' dir='ltr'><strong>ac</strong></span> <span class='ocrx_word' id='word_1_182' title='bbox 436 2356 511 2432; x_wconf 70' lang='lat' dir='ltr'><strong>pene</strong></span> <span class='ocrx_word' id='word_1_183' title='bbox 520 2356 621 2414; x_wconf 84' lang='lat' dir='ltr'><strong>deletis</strong></span> <span class='ocrx_word' id='word_1_184' title='bbox 631 2356 768 2424; x_wconf 84' lang='lat' dir='ltr'><strong>hostibus,</strong></span> <span class='ocrx_word' id='word_1_185' title='bbox 779 2357 809 2413; x_wconf 94' lang='lat' dir='ltr'><strong>in</strong></span> <span class='ocrx_word' id='word_1_186' title='bbox 817 2358 942 2415; x_wconf 90' lang='lat' dir='ltr'><strong>millibus</strong></span> <span class='ocrx_word' id='word_1_187' title='bbox 948 2375 1084 2433; x_wconf 89' lang='lat' dir='ltr'><strong>passuum</strong></span> <span class='ocrx_word' id='word_1_188' title='bbox 1095 2367 1130 2420; x_wconf 76' lang='lat'><strong>25</strong></span> <span class='ocrx_word' id='word_1_189' title='bbox 1137 2399 1172 2418; x_wconf 47' lang='lat' dir='ltr'><strong>,a</strong></span> <span class='ocrx_word' id='word_1_190' title='bbox 1278 2385 1279 2392; x_wconf 51' lang='lat'>¹</span> 
     </span>
    </p>
   </div>
   <div class='ocr_carea' id='block_1_5' title="bbox 98 2429 1153 3916">
    <p class='ocr_par' dir='ltr' id='par_1_5' title="bbox 99 2429 1153 2979">
     <span class='ocr_line' id='line_1_26' title="bbox 99 2429 1103 2511; baseline -0.004 -19"><span class='ocrx_word' id='word_1_191' title='bbox 99 2433 149 2492; x_wconf 83' lang='lat'><strong>111</strong></span> <span class='ocrx_word' id='word_1_192' title='bbox 173 2435 281 2493; x_wconf 79' lang='lat' dir='ltr'><strong>offendi</strong></span> <span class='ocrx_word' id='word_1_193' title='bbox 301 2446 412 2511; x_wconf 80' lang='lat' dir='ltr'><strong>posset3</strong></span> <span class='ocrx_word' id='word_1_194' title='bbox 433 2435 557 2511; x_wconf 92' lang='lat' dir='ltr'><strong>quinque</strong></span> <span class='ocrx_word' id='word_1_195' title='bbox 577 2436 707 2493; x_wconf 91' lang='lat' dir='ltr'><strong>cohortes</strong></span> <span class='ocrx_word' id='word_1_196' title='bbox 724 2429 925 2492; x_wconf 79' lang='lat' dir='ltr'><strong>frumentatum</strong></span> <span class='ocrx_word' id='word_1_197' title='bbox 942 2437 971 2492; x_wconf 93' lang='lat' dir='ltr'><strong>in</strong></span> <span class='ocrx_word' id='word_1_198' title='bbox 993 2438 1103 2511; x_wconf 78' lang='lat' dir='ltr'><strong>proxi..</strong></span> 
     </span>
     <span class='ocr_line' id='line_1_27' title="bbox 99 2513 1086 2588; baseline 0 -18"><span class='ocrx_word' id='word_1_199' title='bbox 99 2532 164 2570; x_wconf 89' lang='lat' dir='ltr'><strong>mas</strong></span> <span class='ocrx_word' id='word_1_200' title='bbox 185 2524 296 2588; x_wconf 83' lang='lat' dir='ltr'><strong>segetes</strong></span> <span class='ocrx_word' id='word_1_201' title='bbox 316 2513 402 2580; x_wconf 85' lang='lat' dir='ltr'><strong>misit,</strong></span> <span class='ocrx_word' id='word_1_202' title='bbox 424 2533 494 2588; x_wconf 92' lang='lat' dir='ltr'><strong>quas</strong></span> <span class='ocrx_word' id='word_1_203' title='bbox 517 2514 590 2572; x_wconf 86' lang='lat' dir='ltr'><strong>inter</strong></span> <span class='ocrx_word' id='word_1_204' title='bbox 611 2523 640 2570; x_wconf 92' lang='lat' dir='ltr'><strong>et</strong></span> <span class='ocrx_word' id='word_1_205' title='bbox 662 2523 756 2570; x_wconf 88' lang='lat' dir='ltr'><strong>castra</strong></span> <span class='ocrx_word' id='word_1_206' title='bbox 775 2530 849 2568; x_wconf 91' lang='lat' dir='ltr'><strong>unus</strong></span> <span class='ocrx_word' id='word_1_207' title='bbox 869 2513 986 2569; x_wconf 90' lang='lat' dir='ltr'><strong>omniuo</strong></span> <span class='ocrx_word' id='word_1_208' title='bbox 1006 2513 1086 2570; x_wconf 90' lang='lat' dir='ltr'><strong>collis</strong></span> 
     </span>
     <span class='ocr_line' id='line_1_28' title="bbox 99 2589 1084 2668; baseline -0.003 -20"><span class='ocrx_word' id='word_1_209' title='bbox 99 2590 247 2650; x_wconf 86' lang='lat' dir='ltr'><strong>intererat.</strong></span> <span class='ocrx_word' id='word_1_210' title='bbox 300 2592 468 2668; x_wconf 87' lang='lat' dir='ltr'><strong>Complures</strong></span> <span class='ocrx_word' id='word_1_211' title='bbox 490 2602 572 2650; x_wconf 89' lang='lat' dir='ltr'><strong>erant</strong></span> <span class='ocrx_word' id='word_1_212' title='bbox 597 2591 627 2648; x_wconf 93' lang='lat' dir='ltr'><strong>in</strong></span> <span class='ocrx_word' id='word_1_213' title='bbox 650 2589 750 2648; x_wconf 90' lang='lat' dir='ltr'><strong>castris</strong></span> <span class='ocrx_word' id='word_1_214' title='bbox 776 2607 812 2646; x_wconf 78' lang='lat' dir='ltr'><strong>ex</strong></span> <span class='ocrx_word' id='word_1_215' title='bbox 834 2589 993 2663; x_wconf 88' lang='lat' dir='ltr'><strong>legionibus</strong></span> <span class='ocrx_word' id='word_1_216' title='bbox 1017 2591 1084 2663; x_wconf 79' lang='lat' dir='ltr'><strong>aegri</strong></span> 
     </span>
     <span class='ocr_line' id='line_1_29' title="bbox 99 2665 1084 2748; baseline -0.002 -22"><span class='ocrx_word' id='word_1_217' title='bbox 99 2668 214 2739; x_wconf 81' lang='lat' dir='ltr'><strong>relicti3</strong></span> <span class='ocrx_word' id='word_1_218' title='bbox 234 2670 389 2744; x_wconf 86' lang='lat' dir='ltr'><strong>exquibus,</strong></span> <span class='ocrx_word' id='word_1_219' title='bbox 403 2669 452 2744; x_wconf 91' lang='lat' dir='ltr'><strong>qui</strong></span> <span class='ocrx_word' id='word_1_220' title='bbox 465 2670 520 2728; x_wconf 91' lang='lat' dir='ltr'><strong>boc</strong></span> <span class='ocrx_word' id='word_1_221' title='bbox 531 2669 621 2748; x_wconf 67' lang='lat' dir='ltr'><strong>spepio</strong></span> <span class='ocrx_word' id='word_1_222' title='bbox 629 2669 739 2725; x_wconf 91' lang='lat' dir='ltr'><strong>dierum</strong></span> <span class='ocrx_word' id='word_1_223' title='bbox 749 2665 959 2734; x_wconf 85' lang='lat' dir='ltr'><strong>convaluerant,</strong></span> <span class='ocrx_word' id='word_1_224' title='bbox 971 2666 1084 2724; x_wconf 90' lang='lat' dir='ltr'><strong>circiter</strong></span> 
     </span>
     <span class='ocr_line' id='line_1_30' title="bbox 100 2743 1153 2822; baseline 0.002 -18"><span class='ocrx_word' id='word_1_225' title='bbox 100 2745 181 2805; x_wconf 81' lang='lat' dir='ltr'><strong>CCC</strong></span> <span class='ocrx_word' id='word_1_226' title='bbox 196 2748 251 2804; x_wconf 89' lang='lat' dir='ltr'><strong>sub</strong></span> <span class='ocrx_word' id='word_1_227' title='bbox 271 2747 374 2805; x_wconf 83' lang='lat' dir='ltr'><strong>vexillo</strong></span> <span class='ocrx_word' id='word_1_228' title='bbox 388 2745 446 2805; x_wconf 76' lang='lat' dir='ltr'><strong>und</strong></span> <span class='ocrx_word' id='word_1_229' title='bbox 467 2748 632 2805; x_wconf 88' lang='lat' dir='ltr'><strong>mittuntur:</strong></span> <span class='ocrx_word' id='word_1_230' title='bbox 653 2763 760 2822; x_wconf 86' lang='lat' dir='ltr'><strong>magna</strong></span> <span class='ocrx_word' id='word_1_231' title='bbox 779 2756 915 2822; x_wconf 79' lang='lat' dir='ltr'><strong>preterea</strong></span> <span class='ocrx_word' id='word_1_232' title='bbox 934 2743 1153 2806; x_wconf 71' lang='lat' dir='ltr'><strong>multitudom-</strong></span> 
     </span>
     <span class='ocr_line' id='line_1_31' title="bbox 100 2823 1083 2901; baseline -0.001 -19"><span class='ocrx_word' id='word_1_233' title='bbox 100 2825 245 2892; x_wconf 84' lang='lat' dir='ltr'><strong>calonnm,</strong></span> <span class='ocrx_word' id='word_1_234' title='bbox 269 2844 376 2901; x_wconf 82' lang='lat' dir='ltr'><strong>magna</strong></span> <span class='ocrx_word' id='word_1_235' title='bbox 387 2825 429 2882; x_wconf 84' lang='lat' dir='ltr'><strong>ris</strong></span> <span class='ocrx_word' id='word_1_236' title='bbox 447 2825 726 2901; x_wconf 69' lang='lat' dir='ltr'><strong>jumentorumque</strong></span> <span class='ocrx_word' id='word_1_237' title='bbox 742 2823 886 2882; x_wconf 86' lang='lat' dir='ltr'><strong>incastris</strong></span> <span class='ocrx_word' id='word_1_238' title='bbox 909 2824 1083 2891; x_wconf 89' lang='lat' dir='ltr'><strong>subsederat,</strong></span> 
     </span>
     <span class='ocr_line' id='line_1_32' title="bbox 101 2903 487 2979; baseline 0.003 -20"><span class='ocrx_word' id='word_1_239' title='bbox 101 2903 177 2961; x_wconf 71' lang='lat' dir='ltr'><strong>t&#39;actd</strong></span> <span class='ocrx_word' id='word_1_240' title='bbox 187 2913 338 2978; x_wconf 77' lang='lat' dir='ltr'><strong>potestate,</strong></span> <span class='ocrx_word' id='word_1_241' title='bbox 353 2906 487 2979; x_wconf 86' lang='lat' dir='ltr'><strong>sequitur.</strong></span> 
     </span>
    </p>

    <p class='ocr_par' dir='ltr' id='par_1_6' title="bbox 98 2979 1130 3916">
     <span class='ocr_line' id='line_1_33' title="bbox 140 2979 1085 3058; baseline -0.002 -19"><span class='ocrx_word' id='word_1_242' title='bbox 140 2981 305 3039; x_wconf 82' lang='lat' dir='ltr'>XXXVII.</span> <span class='ocrx_word' id='word_1_243' title='bbox 347 2981 413 3040; x_wconf 91' lang='lat' dir='ltr'><strong>Hoc</strong></span> <span class='ocrx_word' id='word_1_244' title='bbox 436 2982 498 3058; x_wconf 90' lang='lat' dir='ltr'><strong>ipso</strong></span> <span class='ocrx_word' id='word_1_245' title='bbox 520 2991 646 3057; x_wconf 88' lang='lat' dir='ltr'><strong>tempore</strong></span> <span class='ocrx_word' id='word_1_246' title='bbox 669 2991 698 3038; x_wconf 88' lang='lat' dir='ltr'><strong>ct</strong></span> <span class='ocrx_word' id='word_1_247' title='bbox 720 2999 790 3038; x_wconf 86' lang='lat' dir='ltr'><strong>casu</strong></span> <span class='ocrx_word' id='word_1_248' title='bbox 813 2980 950 3038; x_wconf 84' lang='lat' dir='ltr'><strong>Germani</strong></span> <span class='ocrx_word' id='word_1_249' title='bbox 973 2979 1085 3055; x_wconf 86' lang='lat' dir='ltr'><strong>equites</strong></span> 
     </span>
     <span class='ocr_line' id='line_1_34' title="bbox 101 3057 1085 3134; baseline -0.001 -18"><span class='ocrx_word' id='word_1_250' title='bbox 101 3058 306 3134; x_wconf 67' lang='lat' dir='ltr'><strong>interueniunt,</strong></span> <span class='ocrx_word' id='word_1_251' title='bbox 319 3060 502 3134; x_wconf 88' lang='lat' dir='ltr'><strong>protinusque</strong></span> <span class='ocrx_word' id='word_1_252' title='bbox 516 3061 618 3117; x_wconf 89' lang='lat' dir='ltr'><strong>eodem</strong></span> <span class='ocrx_word' id='word_1_253' title='bbox 639 3057 696 3125; x_wconf 90' lang='lat' dir='ltr'><strong>illo,</strong></span> <span class='ocrx_word' id='word_1_254' title='bbox 710 3077 766 3134; x_wconf 90' lang='lat' dir='ltr'><strong>quo</strong></span> <span class='ocrx_word' id='word_1_255' title='bbox 783 3068 928 3125; x_wconf 87' lang='lat' dir='ltr'><strong>venerant,</strong></span> <span class='ocrx_word' id='word_1_256' title='bbox 942 3059 1028 3115; x_wconf 87' lang='lat' dir='ltr'><strong>cursu</strong></span> <span class='ocrx_word' id='word_1_257' title='bbox 1049 3059 1085 3115; x_wconf 90' lang='lat' dir='ltr'><strong>ab</strong></span> 
     </span>
     <span class='ocr_line' id='line_1_35' title="bbox 100 3135 1130 3212; baseline 0.004 -19"><span class='ocrx_word' id='word_1_258' title='bbox 100 3135 265 3196; x_wconf 73' lang='lat' dir='ltr'><strong>decumani</strong></span> <span class='ocrx_word' id='word_1_259' title='bbox 291 3138 370 3212; x_wconf 78' lang='lat' dir='ltr'><strong>pont</strong></span> <span class='ocrx_word' id='word_1_260' title='bbox 390 3137 420 3196; x_wconf 91' lang='lat' dir='ltr'><strong>in</strong></span> <span class='ocrx_word' id='word_1_261' title='bbox 443 3149 539 3196; x_wconf 73' lang='lat' dir='ltr'><strong>canta</strong></span> <span class='ocrx_word' id='word_1_262' title='bbox 561 3137 717 3212; x_wconf 88' lang='lat' dir='ltr'><strong>irrumpere</strong></span> <span class='ocrx_word' id='word_1_263' title='bbox 739 3147 901 3195; x_wconf 86' lang='lat' dir='ltr'><strong>conantur:</strong></span> <span class='ocrx_word' id='word_1_264' title='bbox 929 3156 984 3194; x_wconf 89' lang='lat' dir='ltr'><strong>nec</strong></span> <span class='ocrx_word' id='word_1_265' title='bbox 1006 3135 1130 3212; x_wconf 77' lang='lat' dir='ltr'><strong>prins35</strong></span> 
     </span>
     <span class='ocr_line' id='line_1_36' title="bbox 101 3213 1085 3292; baseline -0.004 -20"><span class='ocrx_word' id='word_1_266' title='bbox 101 3226 167 3272; x_wconf 86' lang='lat' dir='ltr'><strong>sunt</strong></span> <span class='ocrx_word' id='word_1_267' title='bbox 188 3214 253 3282; x_wconf 85' lang='lat' dir='ltr'><strong>visi,</strong></span> <span class='ocrx_word' id='word_1_268' title='bbox 266 3215 386 3290; x_wconf 85' lang='lat' dir='ltr'><strong>objectis</strong></span> <span class='ocrx_word' id='word_1_269' title='bbox 404 3216 441 3274; x_wconf 87' lang='lat' dir='ltr'><strong>ab</strong></span> <span class='ocrx_word' id='word_1_270' title='bbox 461 3217 586 3292; x_wconf 77' lang='lat' dir='ltr'><strong>elparte</strong></span> <span class='ocrx_word' id='word_1_271' title='bbox 606 3214 702 3290; x_wconf 82' lang='lat' dir='ltr'><strong>sylvis,</strong></span> <span class='ocrx_word' id='word_1_272' title='bbox 715 3214 801 3290; x_wconf 82' lang='lat' dir='ltr'><strong>qulm</strong></span> <span class='ocrx_word' id='word_1_273' title='bbox 823 3215 923 3272; x_wconf 87' lang='lat' dir='ltr'><strong>castris</strong></span> <span class='ocrx_word' id='word_1_274' title='bbox 939 3213 1085 3288; x_wconf 84' lang='lat' dir='ltr'><strong>appropin-</strong></span> 
     </span>
     <span class='ocr_line' id='line_1_37' title="bbox 99 3293 1084 3369; baseline -0.005 -20"><span class='ocrx_word' id='word_1_275' title='bbox 99 3304 231 3367; x_wconf 86' lang='lat' dir='ltr'><strong>quarent,</strong></span> <span class='ocrx_word' id='word_1_276' title='bbox 257 3311 345 3368; x_wconf 90' lang='lat' dir='ltr'><strong>usque</strong></span> <span class='ocrx_word' id='word_1_277' title='bbox 364 3293 411 3361; x_wconf 80' lang='lat' dir='ltr'><strong>ed,</strong></span> <span class='ocrx_word' id='word_1_278' title='bbox 436 3305 476 3362; x_wconf 85' lang='lat' dir='ltr'><strong>ut,</strong></span> <span class='ocrx_word' id='word_1_279' title='bbox 498 3293 546 3369; x_wconf 90' lang='lat' dir='ltr'><strong>qui</strong></span> <span class='ocrx_word' id='word_1_280' title='bbox 570 3293 623 3354; x_wconf 71' lang='lat' dir='ltr'><strong>snb</strong></span> <span class='ocrx_word' id='word_1_281' title='bbox 642 3293 716 3350; x_wconf 75' lang='lat' dir='ltr'><strong>vallo</strong></span> <span class='ocrx_word' id='word_1_282' title='bbox 735 3294 886 3350; x_wconf 84' lang='lat' dir='ltr'><strong>tenderent</strong></span> <span class='ocrx_word' id='word_1_283' title='bbox 905 3299 1084 3356; x_wconf 77' lang='lat' dir='ltr'><strong>mercatores,</strong></span> 
     </span>
     <span class='ocr_line' id='line_1_38' title="bbox 101 3367 1085 3446; baseline -0.002 -19"><span class='ocrx_word' id='word_1_284' title='bbox 101 3371 261 3446; x_wconf 82' lang='lat' dir='ltr'><strong>recipiendi</strong></span> <span class='ocrx_word' id='word_1_285' title='bbox 275 3371 318 3429; x_wconf 91' lang='lat' dir='ltr'><strong>sui</strong></span> <span class='ocrx_word' id='word_1_286' title='bbox 339 3370 504 3430; x_wconf 75' lang='lat' dir='ltr'><strong>facultatem</strong></span> <span class='ocrx_word' id='word_1_287' title='bbox 525 3390 583 3428; x_wconf 89' lang='lat' dir='ltr'><strong>non</strong></span> <span class='ocrx_word' id='word_1_288' title='bbox 603 3371 750 3433; x_wconf 81' lang='lat' dir='ltr'><strong>baberent</strong></span> <span class='ocrx_word' id='word_1_289' title='bbox 791 3369 978 3443; x_wconf 88' lang='lat' dir='ltr'><strong>Inopinantes</strong></span> <span class='ocrx_word' id='word_1_290' title='bbox 994 3367 1085 3425; x_wconf 89' lang='lat' dir='ltr'><strong>nostri</strong></span> 
     </span>
     <span class='ocr_line' id='line_1_39' title="bbox 100 3444 1085 3529; baseline -0.001 -25"><span class='ocrx_word' id='word_1_291' title='bbox 100 3465 134 3504; x_wconf 89' lang='lat' dir='ltr'><strong>re</strong></span> <span class='ocrx_word' id='word_1_292' title='bbox 147 3450 233 3506; x_wconf 71' lang='lat' dir='ltr'><strong>&#39;nova</strong></span> <span class='ocrx_word' id='word_1_293' title='bbox 259 3450 469 3524; x_wconf 85' lang='lat' dir='ltr'><strong>perturbantur,</strong></span> <span class='ocrx_word' id='word_1_294' title='bbox 494 3467 529 3508; x_wconf 89' lang='lat' dir='ltr'><strong>ac</strong></span> <span class='ocrx_word' id='word_1_295' title='bbox 555 3448 602 3506; x_wconf 83' lang='lat' dir='ltr'><strong>vix</strong></span> <span class='ocrx_word' id='word_1_296' title='bbox 624 3449 746 3529; x_wconf 86' lang='lat' dir='ltr'><strong>primum</strong></span> <span class='ocrx_word' id='word_1_297' title='bbox 770 3447 904 3522; x_wconf 84' lang='lat' dir='ltr'><strong>impetum</strong></span> <span class='ocrx_word' id='word_1_298' title='bbox 928 3444 1029 3501; x_wconf 90' lang='lat' dir='ltr'><strong>cohors</strong></span> <span class='ocrx_word' id='word_1_299' title='bbox 1056 3445 1085 3503; x_wconf 90' lang='lat' dir='ltr'><strong>in</strong></span> 
     </span>
     <span class='ocr_line' id='line_1_40' title="bbox 102 3521 1129 3599; baseline 0.002 -16"><span class='ocrx_word' id='word_1_300' title='bbox 102 3525 223 3584; x_wconf 67' lang='lat' dir='ltr'><strong>medone</strong></span> <span class='ocrx_word' id='word_1_301' title='bbox 237 3527 366 3584; x_wconf 87' lang='lat' dir='ltr'><strong>sustinet</strong></span> <span class='ocrx_word' id='word_1_302' title='bbox 407 3527 684 3586; x_wconf 81' lang='lat' dir='ltr'><strong>Circumfunduntur</strong></span> <span class='ocrx_word' id='word_1_303' title='bbox 699 3529 794 3584; x_wconf 84' lang='lat' dir='ltr'><strong>hostes</strong></span> <span class='ocrx_word' id='word_1_304' title='bbox 812 3541 848 3580; x_wconf 86' lang='lat' dir='ltr'><strong>ex</strong></span> <span class='ocrx_word' id='word_1_305' title='bbox 867 3521 983 3596; x_wconf 89' lang='lat' dir='ltr'><strong>reliquis</strong></span> <span class='ocrx_word' id='word_1_306' title='bbox 1002 3525 1129 3599; x_wconf 73' lang='lat' dir='ltr'><strong>parti-4⁰</strong></span> 
     </span>
     <span class='ocr_line' id='line_1_41' title="bbox 102 3599 1086 3682; baseline -0.002 -21"><span class='ocrx_word' id='word_1_307' title='bbox 102 3603 169 3670; x_wconf 84' lang='lat' dir='ltr'><strong>bus,</strong></span> <span class='ocrx_word' id='word_1_308' title='bbox 185 3603 208 3661; x_wconf 93' lang='lat' dir='ltr'><strong>si</strong></span> <span class='ocrx_word' id='word_1_309' title='bbox 227 3623 313 3680; x_wconf 89' lang='lat' dir='ltr'><strong>quem</strong></span> <span class='ocrx_word' id='word_1_310' title='bbox 334 3605 443 3663; x_wconf 85' lang='lat' dir='ltr'><strong>aditum</strong></span> <span class='ocrx_word' id='word_1_311' title='bbox 464 3605 587 3682; x_wconf 85' lang='lat' dir='ltr'><strong>reperire</strong></span> <span class='ocrx_word' id='word_1_312' title='bbox 606 3615 731 3680; x_wconf 85' lang='lat' dir='ltr'><strong>possent.</strong></span> <span class='ocrx_word' id='word_1_313' title='bbox 772 3599 861 3676; x_wconf 74' lang='lat' dir='ltr'><strong>AEgre</strong></span> <span class='ocrx_word' id='word_1_314' title='bbox 883 3599 972 3658; x_wconf 86' lang='lat' dir='ltr'><strong>nostri</strong></span> <span class='ocrx_word' id='word_1_315' title='bbox 992 3613 1086 3677; x_wconf 86' lang='lat' dir='ltr'><strong>portas</strong></span> 
     </span>
     <span class='ocr_line' id='line_1_42' title="bbox 100 3678 1084 3758; baseline -0.003 -21"><span class='ocrx_word' id='word_1_316' title='bbox 100 3691 227 3750; x_wconf 80' lang='lat' dir='ltr'><strong>urentur,</strong></span> <span class='ocrx_word' id='word_1_317' title='bbox 241 3683 365 3758; x_wconf 85' lang='lat' dir='ltr'><strong>reliquos</strong></span> <span class='ocrx_word' id='word_1_318' title='bbox 378 3684 473 3742; x_wconf 88' lang='lat' dir='ltr'><strong>aditus</strong></span> <span class='ocrx_word' id='word_1_319' title='bbox 485 3683 567 3742; x_wconf 74' lang='lat' dir='ltr'><strong>locam</strong></span> <span class='ocrx_word' id='word_1_320' title='bbox 579 3682 639 3758; x_wconf 83' lang='lat' dir='ltr'><strong>ipse</strong></span> <span class='ocrx_word' id='word_1_321' title='bbox 651 3701 702 3758; x_wconf 90' lang='lat' dir='ltr'><strong>per</strong></span> <span class='ocrx_word' id='word_1_322' title='bbox 715 3699 746 3738; x_wconf 90' lang='lat' dir='ltr'><strong>se</strong></span> <span class='ocrx_word' id='word_1_323' title='bbox 759 3678 935 3754; x_wconf 90' lang='lat' dir='ltr'><strong>munitioque</strong></span> <span class='ocrx_word' id='word_1_324' title='bbox 949 3679 1084 3737; x_wconf 80' lang='lat' dir='ltr'><strong>defendit</strong></span> 
     </span>
     <span class='ocr_line' id='line_1_43' title="bbox 100 3755 1085 3836; baseline -0.006 -20"><span class='ocrx_word' id='word_1_325' title='bbox 100 3758 186 3816; x_wconf 85' lang='lat' dir='ltr'><strong>Totis</strong></span> <span class='ocrx_word' id='word_1_326' title='bbox 206 3761 365 3836; x_wconf 85' lang='lat' dir='ltr'><strong>trepidatur</strong></span> <span class='ocrx_word' id='word_1_327' title='bbox 374 3761 490 3829; x_wconf 83' lang='lat' dir='ltr'><strong>castris,</strong></span> <span class='ocrx_word' id='word_1_328' title='bbox 505 3771 589 3836; x_wconf 81' lang='lat' dir='ltr'><strong>atque</strong></span> <span class='ocrx_word' id='word_1_329' title='bbox 609 3759 682 3821; x_wconf 85' lang='lat' dir='ltr'><strong>alius</strong></span> <span class='ocrx_word' id='word_1_330' title='bbox 694 3777 730 3817; x_wconf 86' lang='lat' dir='ltr'><strong>ex</strong></span> <span class='ocrx_word' id='word_1_331' title='bbox 750 3755 807 3816; x_wconf 92' lang='lat' dir='ltr'><strong>alio</strong></span> <span class='ocrx_word' id='word_1_332' title='bbox 819 3755 1085 3816; x_wconf 74' lang='lat' dir='ltr'><strong>causamtumultlu</strong></span> 
     </span>
     <span class='ocr_line' id='line_1_44' title="bbox 98 3835 1083 3916; baseline -0.005 -20"><span class='ocrx_word' id='word_1_333' title='bbox 98 3837 219 3913; x_wconf 74' lang='lat' dir='ltr'><strong>querit:</strong></span> <span class='ocrx_word' id='word_1_334' title='bbox 241 3857 337 3913; x_wconf 90' lang='lat' dir='ltr'><strong>neque</strong></span> <span class='ocrx_word' id='word_1_335' title='bbox 358 3837 415 3914; x_wconf 82' lang='lat' dir='ltr'><strong>qud</strong></span> <span class='ocrx_word' id='word_1_336' title='bbox 439 3839 522 3916; x_wconf 66' lang='lat' dir='ltr'><strong>signa</strong></span> <span class='ocrx_word' id='word_1_337' title='bbox 542 3839 677 3906; x_wconf 79' lang='lat' dir='ltr'><strong>ferantur,</strong></span> <span class='ocrx_word' id='word_1_338' title='bbox 698 3853 791 3912; x_wconf 75' lang='lat' dir='ltr'><strong>acque</strong></span> <span class='ocrx_word' id='word_1_339' title='bbox 813 3855 898 3912; x_wconf 86' lang='lat' dir='ltr'><strong>quarn</strong></span> <span class='ocrx_word' id='word_1_340' title='bbox 922 3835 952 3892; x_wconf 91' lang='lat' dir='ltr'><strong>in</strong></span> <span class='ocrx_word' id='word_1_341' title='bbox 977 3841 1083 3906; x_wconf 73' lang='lat' dir='ltr'><strong>partem</strong></span> 
     </span>
    </p>
   </div>
   <div class='ocr_carea' id='block_1_6' title="bbox 0 0 1286 4422">
    <p class='ocr_par' dir='ltr' id='par_1_7' title="bbox 0 0 1286 4422">
     <span class='ocr_line' id='line_1_45' title="bbox 0 0 1286 4422; baseline 0 0"><span class='ocrx_word' id='word_1_342' title='bbox 0 0 1286 4422; x_wconf 95' lang='lat' dir='ltr'><strong> </strong></span> 
     </span>
    </p>
   </div>
  </div>
 </body>
</html>
