2564 4422
186 367 226 426 ω
549 359 598 410 DE
614 359 731 410 BELLO
748 357 906 422 eunuco

165 492 172 501 ⁸
236 505 371 564 metendo
390 514 545 580 occupatos
565 501 659 560 subitb
680 503 780 571 adorti,
794 502 895 578 paucis
915 501 1081 572 interfectis,
1101 503 1222 580 reliquos

237 583 353 641 incertis
360 582 509 640 ordinibus
518 582 769 658 perturbaverant:
790 581 875 638 simul
885 579 1011 656 equitatu
1019 591 1106 658 atque
1116 583 1222 640 essedis

237 662 494 720 circumdederant.
741 679 748 690 ·

277 741 428 799 ΧΧΧΙΙΙ.
469 741 568 797 Genus
590 740 644 797 hoc
667 749 766 795 estex
784 738 894 796 essedis
913 756 1036 814 pugnae:
1060 739 1156 814 primo
1175 761 1222 817 per

204 824 223 876 5
237 839 337 877 ornnes
350 829 444 896 partes
456 817 645 894 perequitant,
661 828 690 875 et
703 817 760 874 tela
770 816 936 893 conjiciunt,
952 827 1035 892 atque
1047 817 1109 892 ipso
1118 828 1221 878 terrore

239 917 374 975 equorum
393 908 423 954 et
444 897 561 974 strepitu
578 908 704 955 rotarum
716 895 832 968 ordines
851 893 1016 972 plerumque
1037 897 1220 971 perturbant;

238 989 268 1034 et
291 996 377 1052 quum
400 995 431 1033 se
452 975 525 1033 iuter
546 975 674 1052 equitum
696 986 804 1033 turmas
824 973 1039 1042 insinuaverint,
1060 993 1096 1031 ex
1117 977 1222 1034 essedis

239 1055 383 1123 desiliunt,
401 1064 432 1111 et
453 1055 574 1131 pedibus
597 1055 769 1132 praeliantur.
815 1052 932 1129 Aurigae
952 1052 1067 1112 interIm
1086 1054 1221 1129 paulatim

212 1195 215 1200 ,
240 1153 275 1190 err
297 1134 571 1210 praelio¹excedunt,
596 1145 679 1208 atque
703 1132 742 1189 ita
755 1150 855 1188 currus
876 1131 1026 1197 collocant,
1041 1142 1082 1199 ut,
1107 1132 1132 1188 si
1154 1134 1222 1192 illia

190 1217 224 1277 10
241 1213 422 1272 multitudine
436 1214 558 1272 bostium
571 1221 743 1287 premantur,
763 1210 927 1284 expeditum
948 1210 983 1267 ad
997 1229 1063 1267 suos
1078 1223 1221 1286 receptum

241 1292 374 1351 babeant.
415 1291 460 1349 It'a
480 1289 663 1348 mobilitatem
684 1287 821 1362 equiturn,
843 1288 1025 1346 stabilitatem
1045 1289 1174 1364 peditum
1193 1291 1221 1348 in

239 1371 343 1443 praeliis
363 1379 506 1445 praestant,
528 1385 562 1423 sc
582 1375 693 1422 tantum
713 1384 766 1422 usu
786 1366 952 1441 quotidiano
971 1378 1001 1424 et
1021 1367 1221 1428 exercitatione

238 1447 376 1512 efficiunt,
403 1443 445 1502 uti
472 1446 502 1500 in
528 1442 632 1500 decliui
660 1463 694 1500 ac
720 1443 859 1520 praecipiti
885 1445 948 1503 loco
979 1445 1112 1504 incitatos
1137 1466 1222 1523 equos

239 1524 387 1594 sustinere,
400 1533 431 1579 et
441 1520 519 1580 brevi
540 1522 680 1579 moderari
694 1542 729 1580 ac
747 1522 871 1591 flectere,
886 1535 915 1580 et
935 1543 985 1600 per
998 1534 1140 1582 temonem
1162 1547 1223 1602 per·

190 1604 223 1655 1⁵
239 1619 362 1667 currere,
375 1611 406 1658 et
429 1601 459 1658 in
480 1601 554 1678 jugo·
570 1601 709 1670 insistere,
731 1613 761 1659 et
780 1601 847 1659 inde
868 1621 899 1659 se
921 1602 950 1659 in
969 1621 1069 1660 currus
1084 1604 1220 1662 citissime

238 1679 365 1756 recipere
378 1679 553 1740 consuerint.

278 1757 423 1817 XXXIV.
464 1758 581 1822 Quibus
601 1759 696 1828 rebus,
710 1760 880 1836 perturbatis
893 1760 996 1818 nostris
1016 1763 1141 1820 novitate
1155 1783 1223 1840 pug-

240 1857 293 1904 nae,
317 1847 443 1914 tempore
461 1838 698 1915 opportunissimo
722 1839 819 1895 caesar
842 1839 978 1896 auxilium
999 1839 1079 1897 tulit:
1101 1860 1223 1917 namque

186 1949 192 1962 ·
238 1915 300 1992 ejus
321 1917 444 1974 adventu
463 1918 557 1975 hostes
571 1917 768 1984 constiterunt,
790 1917 881 1984 nostri¹
898 1936 928 1973 se
942 1937 978 1974 ex
991 1918 1091 1976 timore
1110 1939 1224 1996 recepe·

188 1995 313 2053 20'ruut.
365 1995 436 2056 Quo
463 1995 548 2062 lecto,
577 1994 612 2050 ad
642 1994 841 2052 lacessendum
870 2005 899 2051 et
926 1996 961 2052 ed
988 1997 1224 2056 committendum

239 2073 367 2149 praelium
382 2074 506 2130 alienum
520 2090 582 2128 esse
593 2082 704 2146 tempus
718 2071 877 2138 arbitratus,
892 2091 945 2129 suo
958 2092 988 2129 se
998 2074 1062 2132 loeo
1073 2076 1223 2146 continuit,

238 2162 269 2207 et
281 2150 359 2208 brevi
372 2161 498 2226 tempore
512 2149 681 2216 intermisso,
692 2148 721 2206 in
735 2160 829 2206 castra
842 2149 968 2224 legiones
982 2152 1105 2211 reduxit.
1148 2155 1224 2214 Duru

240 2229 301 2286 baec
321 2239 468 2306 geruntur,
489 2223 594 2286 nostris
610 2227 744 2285 omnibus
756 2227 912 2302 occupatis,
926 2228 974 2302 qui
995 2241 1077 2287 erant
1098 2233 1131 2290 in
1153 2236 1226 2310 agris

239 2308 349 2384 reliqui,
365 2308 566 2366 discesserunt.
608 2305 721 2364 Secutae
741 2317 807 2364 sunt
820 2306 969 2363 continuos
989 2309 1151 2384 complures
1165 2314 1226 2370 dies

187 2387 225 2444 2⁵
242 2391 507 2465 tempestatesque
519 2397 549 2444 et
569 2397 679 2444 nosnos
699 2387 729 2444 in
749 2385 849 2443 castris
862 2384 1050 2455 continerent,
1065 2400 1095 2446 et
1116 2391 1225 2450 hostem

243 2469 369 2544 apugnd
399 2467 590 2544 prohiberent.
639 2465 758 2524 Interim
788 2464 901 2522 barbari
924 2465 1102 2525 nuncios'in
1126 2489 1225 2527 omnes

241 2558 336 2623 partes
365 2533 798 2624 dimiserunt‚3paucitatemq1¹1e
827 2555 985 2602 nostrorum
1014 2545 1137 2604 militum
1167 2550 1226 2606 suis

159 2655 162 2660 ·
231 2627 477 2702 lpraedicaverubt,
491 2625 634 2703 etquanta
646 2625 748 2701 praedae
757 2623 906 2690 faciendae,
922 2634 1004 2697 atque
1018 2624 1047 2680 in
1058 2638 1226 2702 perpetuum

242 2705 286 2760 sui
299 2705 440 2762 liberandi
455 2706 576 2762 facultas
589 2705 713 2768 daretur,
728 2702 751 2757 si
766 2701 913 2757 Romanos
927 2702 1027 2759 castris
1040 2704 1225 2780 expulissent,

190 2783 227 2834 30
243 2771 513 2837 demonstraveruril.
568 2781 637 2850 His,
650 2780 735 2834 rebus
755 2777 885 2835 celeriter
911 2782 1017 2854 magnai
1042 2782 1226 2842 multitudine

139 2899 146 2922 ,
242 2857 385 2933 peditatus
397 2855 594 2932 equitatusque
608 2855 718 2926 coacta,
734 2855 769 2910 ad
783 2867 877 2914 castra
891 2871 1037 2917 venerunt.

125 2936 140 2964 ·’
281 2935 410 2992 XXXV.
451 2935 559 2999 Caesar,
593 2932 647 2990 etsi
681 2933 766 3001 idem,
791 2935 866 3008 quod
900 2937 1091 3012 superioribus
1125 2941 1226 2999 diebus

243 3013 397 3079 acciderat,
422 3013 480 3070 fore
501 3010 626 3079 videbat,
640 3022 681 3078 ut,
703 3011 727 3068 si
751 3023 845 3070 essent
866 3015 960 3072 hostes
980 3016 1064 3091 pulsi,
1078 3019 1226 3078 celeritate

240 3091 399 3166 periculum
418 3091 597 3166 effugerent3
618 3101 715 3148 tamen
729 3100 830 3148 nactus
847 3091 957 3167 equites
970 3095 1084 3153 circiter
1097 3097 1225 3173 triginta,

190 3173 226 3227 35
242 3187 311 3244 quos
324 3168 471 3225 Commius
485 3169 619 3236 Atrebas,
633 3169 669 3224 de
682 3187 738 3243 quo
752 3167 818 3226 ante
832 3170 940 3228 dictum
955 3184 1007 3238 est,
1021 3193 1121 3232 secum
1136 3187 1226 3234 trans-

194 3268 197 3274 *
242 3256 408 3324 portaverat,
423 3245 550 3322 legiones
563 3247 593 3303 in
614 3247 676 3303 acie
688 3265 740 3321 pro
751 3247 853 3304 castris
868 3250 1022 3308 constituit.
1063 3253 1225 3313 Commisso
1264 3296 1270 3335 ὃ

241 3327 347 3404 prelio,
361 3325 467 3384 dlutius
487 3335 645 3386 nostrorum
666 3324 788 3382 militurn
808 3325 944 3403 Impetum
965 3331 1058 3386 hostes
1072 3330 1147 3388 ferre
1168 3353 1224 3391 non

241 3415 402 3480 potuerunt,
427 3423 461 3463 ac
484 3414 564 3479 terga
589 3413 740 3464 verterunt
790 3402 875 3466 Quos
901 3416 979 3462 tanto
1004 3405 1095 3480 spatio
1121 3412 1224 3479 secun,

241 3495 378 3555 quantum
392 3487 476 3542 cursu
489 3492 518 3540 et
531 3481 637 3539 viribus
650 3481 764 3540 efficere
783 3494 944 3558 potuerunt,
958 3482 1119 3558 complures
1132 3508 1170 3546 ex
1192 3491 1225 3548 iia
1273 3553 1274 3556 ,

190 3561 226 3616 to
240 3561 426 3638 occiderunt3
446 3561 560 3629 deinde,
571 3559 704 3617 omnibus
723 3560 809 3637 longe
831 3561 943 3636 lateque
957 3561 1069 3620 efflictis
1085 3563 1227 3625 incensis·
1273 3567 1274 3640 Q

239 3655 305 3713 que,
319 3658 350 3696 se
364 3640 394 3695 in
408 3651 502 3699 castm
514 3649 690 3714 receperunt.
1273 3645 1274 3692 ἓ

279 3715 425 3794 XXXVI.
467 3719 576 3777 Eodem
596 3717 644 3775 die
657 3717 753 3794 legati,
768 3719 805 3777 ab
826 3717 953 3774 hostibus
971 3719 1051 3778 rnissi
1069 3723 1106 3780 ad
1127 3723 1227 3782 Cassa·
1273 3747 1274 3780 ι

240 3813 301 3853 rem
313 3796 350 3853 de
363 3813 445 3870 pace,
456 3806 603 3854 venerunt.
645 3795 701 3853 His
709 3797 807 3853 Cesar
819 3791 970 3855 numerurm
982 3799 1124 3869 obsidum,
1138 3821 1227 3878 quem
1273 3799 1274 3846 l

242 3885 326 3934 antea
345 3870 539 3950 imperaverat,
554 3873 719 3950 duplicavit,
734 3889 838 3948 eosque
851 3871 882 3930 iu
903 3876 1097 3937 continentem
1118 3881 1228 3940 adduci
1273 3861 1274 3952 l
