2564 4422
533 339 582 390 nn
598 339 714 390 namo
732 339 890 391 camiso
1008 315 1010 322 ’

225 500 337 558 magnas
363 481 441 541 inter'
459 482 558 542 Gallos
584 481 768 548 auctoritatis,
793 480 977 546 Cavarinum,
999 495 1087 554 quem
1110 477 1205 538 ease

219 561 302 636 'apud
314 577 468 637 corregam
478 559 672 627 constituerat,
685 559 782 636 (cujus
795 559 880 616 frater
890 557 1072 632 Moritasgus,
1084 558 1205 616 adventu

226 638 256 695 in
269 637 393 696 Galliam
414 640 547 707 Cmsaris,
561 637 699 713 cujusque
721 637 844 712 majores
857 655 978 712 regnum
997 635 1204 714 obtinuerant),

226 715 386 774 interficere
401 718 516 793 publico
535 716 655 774 consilio
674 714 780 783 conati,
793 734 882 791 quum
895 715 943 772 ille
961 713 1157 791 presensisaet
1175 733 1205 772 ac

197 795 404 871 sprohgisses,
426 813 514 870 usque
536 795 572 852 ad
593 794 665 851 lines
686 793 818 860 insecuth
833 811 922 868 regno
941 794 1081 868 domoque
1094 793 1205 868 expuls-

226 883 309 943 runt3
329 884 368 940 et,
379 873 472 930 missis
486 873 522 931 ad
535 873 680 930 Caesarem
693 871 887 930 satisfaciendi
898 872 985 928 causi
998 871 1111 947 legatia,
1122 889 1204 946 quum

226 950 252 1007 is
276 970 390 1008 omnem
413 952 449 1008 ad
471 969 502 1008 se
527 961 658 1010 senatum
676 951 775 1008 venire
796 951 935 1027 jussisset,
958 951 1045 1012 dicto,
1060 949 1205 1008 audientes

226 1047 284 1086 non
302 1030 424 1086 luerunt.
473 1028 604 1088 Tantum
625 1031 700 1106 apud
720 1030 850 1087 homines
873 1028 1007 1086 barbaros
1027 1027 1126 1095 valuit,
1147 1047 1204 1085 esse

225 1117 351 1182 repertos
365 1107 473 1182 aliquos
491 1108 635 1186 principes
649 1108 715 1166 belli
735 1107 886 1175 inserendi,
900 1117 1064 1182 tantamque
1076 1107 1204 1164 omnibus

182 1183 401 1246 lovolautrum
434 1188 685 1246 commutationem
711 1185 813 1252 attulit,
840 1195 881 1253 ut,
908 1195 1009 1260 preter
1037 1184 1149 1242 AEduos
1179 1195 1204 1242 et

226 1262 345 1332 Remos,
360 1283 431 1340 quos
449 1266 592 1341 precipuo
612 1283 723 1339 semper
743 1263 965 1320 honorerCaesar
983 1263 1093 1331 habuit,
1108 1263 1205 1321 alteros

116 1377 127 1388 ·
225 1361 277 1416 pro
289 1353 383 1400 vetere
397 1361 431 1400 ac
451 1343 587 1419 perpetui
599 1360 668 1417 erga
688 1341 827 1416 Populum
840 1341 1007 1399 Romanum
1020 1341 1087 1408 lide,
1108 1341 1205 1400 alteros

224 1437 276 1493 pro
295 1420 459 1477 recentibus
480 1419 585 1476 Gallici
609 1419 675 1476 belli
695 1419 806 1486 officiis,
827 1419 906 1476 nulla
929 1418 989 1477 fere
1011 1419 1112 1476 civitas
1126 1421 1205 1478 hierii

225 1513 283 1552 uon
296 1494 428 1571 suspecta
441 1497 532 1554 nobis.
573 1496 663 1572 quue
686 1496 758 1556 adab
772 1498 849 1554 haud
870 1497 930 1554 scio
948 1497 1150 1556 mirandumne
1163 1499 1204 1564 sit,

62 1634 65 1641 ,
181 1578 216 1634 15
225 1591 312 1647 quum
332 1573 525 1650 cumpluribus
546 1575 609 1634 aliis
628 1577 665 1634 de
686 1576 791 1643 causis,
812 1585 873 1632 tum
895 1575 1031 1644 maxime,
1052 1574 1205 1652 quiid-qui

225 1651 327 1710 virtute
341 1653 409 1711 belli
427 1654 561 1712 omnibus
573 1655 707 1732 gentibus
725 1655 960 1731 praeferebantur,
972 1665 1084 1712 tantum
1104 1673 1136 1712 se
1150 1657 1206 1731 ejus

224 1730 367 1806 opinionis
387 1733 590 1810 deperdidisse,
604 1745 636 1792 ut
657 1733 795 1810 nPopulo
815 1732 949 1791 Romano
970 1733 1089 1809 imperia
1106 1735 1206 1808 perfer·

183 1873 213 1902 χ
225 1819 299 1882 rent,
312 1811 479 1886 gravissime
493 1813 635 1870 dolebant.

266 1887 328 1946 LV.
369 1889 482 1947 Treviri
490 1890 557 1950 verb
569 1903 652 1966 atque
663 1891 875 1948 Indutiomarus
885 1889 970 1947 totius
978 1889 1089 1964 hyemis
1099 1892 1206 1950 nullum

180 1974 337 2042 wicmpus
357 1968 579 2036 intermiserunt,
593 1970 662 2042 quin
682 1978 760 2024 trans
775 1969 913 2025 Rhenum
926 1968 1034 2042 legatos
1054 1968 1206 2036 mitterent,

226 2045 355 2102 civitates
381 2044 575 2112 sollicitarent,
601 2045 740 2120 pecunias
764 2045 975 2120 pollicerentur,
1001 2047 1109 2121 magni
1131 2057 1207 2122 parte

226 2121 368 2178 exercitiis
381 2121 469 2178 nostri
483 2122 642 2190 interlecti,
657 2123 745 2180 multo
765 2123 904 2182 minorem
918 2141 1065 2199 superesse
1080 2124 1208 2197 dicerent

225 2207 344 2271 partem.
385 2197 487 2272 Neque
507 2210 604 2256 tamen
624 2199 675 2256 ulli
696 2200 804 2258 civitdti
816 2203 1024 2259 Germanorum
1044 2205 1208 2278 persuaderi

225 2273 327 2364 poquit,
337 2284 370 2330 ut
379 2274 517 2334 Rhenum
530 2278 671 2346 transiret,
683 2297 771 2354 quum
785 2279 841 2338 ‘Se
855 2279 899 2336 bia
909 2281 1056 2355 expertos'
1070 2281 1207 2349 dicerent,

181 2359 218 2413 25
228 2357 236 2384 ‘
245 2351 380 2410 Ariovisti
394 2354 468 2416 bello
483 2366 513 2414 et
525 2355 775 2416 Tenchtherorum
788 2357 918 2425 transitu,
933 2375 991 2416 non
1011 2377 1075 2416 esse
1089 2359 1209 2436 amplius

227 2429 367 2490 fontanam
381 2435 565 2492 tentandam)
607 2435 674 2494 Hae
694 2456 743 2514 spe
756 2438 851 2516 lapsus
871 2437 1094 2506 Indutiomarus,
1109 2439 1209 2498 nihilo-

226 2506 322 2569 minsis
347 2511 444 2589 copias
476 2533 589 2591 cogere,
616 2535 759 2585 exercere,
787 2515 954 2574 afinitimis
986 2533 1073 2590 equos
1099 2535 1208 2593 parare

225 2589 338 2649 exsules
348 2593 552 2670 damnatosque
565 2595 625 2654 toti
634 2595 729 2653 Gallis
742 2595 854 2671 magnis
863 2594 987 2670 premiis
1001 2595 1079 2652 adse
1093 2595 1209 2654 allicere

226 2669 320 2744 coepit.
361 2672 408 2729 Ac
421 2682 530 2730 tantam
548 2674 603 2730 sibi
621 2675 681 2750 jam
694 2674 730 2730 iis
750 2675 835 2731 rebus
848 2673 878 2728 in
898 2672 993 2730 Gallia
1012 2673 1210 2732 auctoritatem

181 2755 446 2822 wcompararerat,
468 2761 499 2807 ut
522 2753 647 2826 undique
670 2753 704 2808 ad
728 2771 794 2808 eum
817 2751 974 2826 legationes
994 2763 1209 2820 concurrerent,

139 2899 141 2906 y
225 2823 346 2898 gratiam
360 2836 443 2900 atque
457 2827 611 2886 amicitiam
625 2827 740 2905 publice
754 2829 939 2904 privatimque
952 2840 1089 2907 peterent.

265 2901 343 2960 LVI.
384 2903 439 2962 Ubi
464 2905 603 2966 intellexit
626 2907 699 2966 ultro
723 2909 759 2964 ad
782 2926 813 2966 se
832 2907 932 2976 veniri,
960 2909 1048 2966 ulteria
1070 2927 1107 2966 ex
1128 2921 1210 2984 parte

225 2981 355 3040 Senones
375 2983 571 3061 Carnutesque
592 2986 770 3044 conscientiis
788 2985 923 3045 facinoris
943 2987 1091 3063 instigari3
1121 2988 1210 3047 alteri

225 3057 346 3118 Nervios
366 3062 589 3140 Aduatucosque
611 3066 717 3124 bellum
739 3065 881 3140 Romanis
903 3085 1013 3141 parare,
1038 3085 1131 3141 neque
1154 3068 1210 3126 sibi

178 3143 214 3197 35
224 3136 444 3197 voluntariorum
457 3143 554 3219 copias
567 3145 672 3212 defore,
687 3145 711 3201 si
725 3164 761 3202 ex
774 3144 879 3201 linibus
889 3145 948 3201 suis
961 3145 1094 3221 progredi
1107 3147 1211 3222 crepis-

223 3226 287 3287 set;
317 3227 456 3276 armatum
475 3221 630 3278 concilium
649 3223 761 3290 indicit,
784 3222 863 3300 (hoo,
885 3241 964 3280 more
983 3222 1142 3291 Gallorum,
1167 3237 1211 3284 est

223 3295 336 3355 initium
364 3297 455 3378 belli,)
479 3300 544 3374 qud,
567 3298 631 3376 lege
654 3301 809 3368 communi,
835 3321 936 3360 omnes
957 3301 1079 3377 puberes
1106 3306 1210 3364 murati

223 3376 375 3434 convenire
397 3375 588 3448 consuerunt3
616 3378 664 3454 qui
684 3399 721 3436 ex
741 3380 776 3437 iis
797 3380 966 3438 novissimus
985 3377 1070 3443 venit,
1090 3377 1121 3434 in
1140 3399 1211 3442 con-

223 3464 322 3524 spectu
336 3455 526 3515 multitudinis
535 3457 667 3515 omnibus
680 3457 855 3516 cruciatibus
870 3459 986 3516 affectus
999 3462 1128 3514 necatur.
1174 3460 1208 3518 ln

177 3531 213 3584 40
223 3544 258 3583 co
277 3535 400 3593 concilio
413 3535 637 3612 Cingetorigem,
658 3536 774 3594 alterius
786 3537 944 3613 principem
964 3531 1106 3616 factionis,
1120 3554 1209 3612 gene·

223 3621 286 3661 rum
307 3626 399 3680 suum,
423 3614 520 3691 (quem
543 3612 628 3692 suprd
651 3615 913 3680 demonstravimus,
930 3609 1053 3668 Oaesaris
1076 3625 1207 3674 secutum

223 3681 319 3773 fidettl,
342 3689 377 3745 ab
397 3709 433 3747 eo
447 3691 505 3750 nori
519 3693 708 3773 discessisse)
725 3695 834 3752 hostem
851 3691 970 3781 judicat,
993 3689 1125 3766 bonaque
1145 3694 1208 3770 ejus

98 3829 103 3836 .
223 3762 358 3839 publrcat
399 3767 455 3823 His
474 3772 560 3829 rebus
573 3773 721 3840 consectis,
736 3773 766 3830 in
779 3769 902 3830 concilio
918 3768 1100 3845 pronunciat,
1114 3789 1208 3830 arces·

223 3842 308 3902 situm
332 3861 363 3899 se
387 3861 404 3898 a
427 3843 590 3905 Senonibus
612 3861 642 3909 et
665 3848 850 3913 Carnutibus,
872 3846 992 3924 aliisque
1013 3847 1209 3923 compluribus
