2562 4412
55 412 58 417 Ι
135 349 196 415 tao
282 323 286 328 ’
491 341 545 422 ¹ns
561 341 677 395 senno
695 318 854 400 ernardo
923 363 929 370 -

182 488 326 564 Drappete
336 495 366 544 et
379 483 515 550 Lucterio
527 495 608 562 gesta
627 495 732 552 essent,
746 501 857 560 quoque
870 482 900 540 in
914 481 1035 544 consilio
1057 503 1170 559 penua-

182 576 283 626 nerent
313 564 457 641 oppidani.
507 563 720 640 Quorum—etsi
751 562 925 639 paucitatem
953 563 1170 636 contemnebat,

181 655 278 704 tamen
298 643 486 720 pertinaciam
499 643 604 718 magna
617 643 702 718 prena
723 641 980 720 esaeafficiendam
999 641 1170 718 judicabam

182 743 219 782 ne
239 722 371 782 universa
394 721 497 793 Gallia,
519 719 576 780 non
597 722 671 778 vires
690 720 746 777 sibi
768 720 893 778 defuisse
917 721 954 778 ad
977 720 1170 782 resistendum

149 806 167 862 5
183 801 333 870 Romanis,
348 802 398 860 sed
407 801 605 867 constantiam,
617 810 747 875 putaret3
768 804 840 856 neve
851 799 906 856 hoc
916 798 1047 874 exemplo
1057 812 1170 860 cetere

183 880 321 950 civitates,
348 880 474 938 locorum
506 878 714 954 opportunitate
748 879 835 944 frete,
862 896 893 934 se
926 877 1109 942 vindicarent
1139 879 1168 939 in

182 958 360 1018 libertatern:
381 951 468 1032 q'uurn
481 958 614 1015 erunibus
627 956 718 1040 Gallis
732 967 830 1018 notum
844 956 940 1022 sciret,
953 955 1093 1031 reliquam
1107 977 1169 1020 esse

182 1056 269 1094 unam
283 1047 408 1094 estatem
422 1055 480 1092 snae
506 1034 678 1112 provincie;
699 1033 821 1110 quamsi
842 1033 981 1094 sustinere
1000 1035 1168 1110 potuissent,

182 1115 291 1173 nullum
317 1113 391 1174 ultra
416 1115 575 1190 periculum
608 1124 780 1173 vererentur.
831 1113 931 1187 Itaque
956 1113 998 1178 Q.
1026 1113 1168 1176 Calenum

132 1199 165 1258 1⁰
181 1193 307 1268 legatum
331 1213 398 1250 cum
418 1192 579 1269 legionibus
602 1192 633 1248 II
647 1192 769 1268 reliquit,
790 1191 839 1266 qui
857 1191 941 1266 justis
964 1191 1116 1256 itineribus
1139 1213 1168 1252 se

181 1273 417 1354 subsequeretur:
446 1273 505 1348 ipse
519 1291 585 1330 cum
606 1271 685 1329 omni
705 1270 842 1345 equitatu,
864 1268 950 1346 qnam
970 1281 1064 1349 potest
1081 1271 1169 1336 oeler·

181 1349 263 1418 rime,
279 1352 315 1410 ad
329 1350 484 1411 Caninium
492 1349 654 1408 contendit.

220 1429 285 1486 XL.
326 1429 427 1490 Quum
449 1439 549 1486 eontra
562 1427 802 1502 exspectationem
823 1425 950 1485 omnium
966 1427 1061 1486 Cesar
1080 1425 1169 1486 Uxel·

180 1505 318 1564 lodunum
345 1506 477 1573 venisset,
510 1506 701 1582 oppidumque
727 1505 860 1582 operibus
882 1505 1010 1562 clausum
1037 1505 1167 1565 animum

132 1589 165 1647 15
181 1584 348 1651 adierteret,
373 1603 465 1660 neque
487 1585 523 1642 ab
544 1583 756 1660 oppugnatione
777 1583 874 1642 recedi
895 1583 1002 1640 rideret
1021 1584 1081 1642 ulla
1102 1603 1169 1644 con·

181 1663 287 1722 ditione
308 1682 409 1738 posse;
430 1663 536 1739 magnei
558 1673 653 1720 autern
671 1663 753 1739 copia
774 1661 909 1720 frumenti
924 1663 1071 1722 abundare
1091 1664 1167 1740 oppi-

181 1741 280 1810 danos,
295 1761 331 1798 ex
343 1742 469 1818 perfugis
483 1741 654 1818 cogndsset3
676 1742 749 1817 aqua
769 1741 919 1816 prohibere
933 1741 1043 1798 hostem
1057 1753 1168 1800 tentare

180 1821 274 1896 coepia
316 1820 438 1878 Flumen
462 1820 588 1878 intimam
608 1820 708 1878 vallem
730 1819 883 1891 dividebat,
897 1829 1072 1895 quae'totum
1093 1820 1167 1896 penti

180 1911 309 1956 montem
332 1900 475 1976 cingebat,
500 1900 600 1974 inquo
622 1899 744 1974 positum
765 1909 826 1956 erat
846 1909 1020 1974 praeruptum
1041 1900 1166 1975 undique

129 1982 166 2038 20
179 1978 315 2054 oppidum
336 1978 555 2054 Uxellodunum.
597 1977 662 2036 Hoc
680 1977 787 2036 flumen
802 1977 889 2034 averti
906 1977 962 2034 loci
984 1988 1088 2034 natura
1107 1998 1168 2054 pro

181 2056 313 2115 bibebat:
329 2057 370 2114 sic
378 2056 455 2113 enirn
467 2053 531 2122 iilia
541 2056 684 2113 radicibus
697 2055 801 2114 montis
815 2055 966 2122 serebatur,
977 2057 1125 2114 utnullarn
1137 2057 1165 2114 in

179 2145 299 2209 partem,
308 2135 448 2209 depressis
457 2135 546 2201 sossiS,
556 2134 677 2190 derivari
685 2143 788 2209 posset.
829 2134 899 2192 Erat
913 2136 1166 2210 autemoppidanis

180 2211 303 2268 difficilis
317 2223 346 2267 et
358 2223 514 2286 praeruptus
527 2210 563 2268 eb
577 2213 741 2280 descensus,
759 2223 799 2280 ut,
814 2213 1031 2288 prohibentibus
1052 2213 1166 2286 nostris,

179 2287 241 2344 sine
262 2289 425 2346 vulneribus
446 2307 480 2346 ac
501 2289 628 2365 periculo
647 2291 711 2348 ritae
732 2310 824 2366 neque
846 2291 924 2352 adire
945 2291 1052 2348 flumen
1074 2312 1165 2367 neque

129 2373 165 2434 25
180 2366 268 2425 arduo
290 2387 321 2424 se
341 2367 468 2444 recipere
489 2379 603 2443 possent
624 2389 753 2428 ascensu.
794 2369 864 2430 Qua
886 2369 1055 2430 difficultate
1069 2391 1165 2429 eorum

179 2446 304 2521 cogniti,
314 2446 421 2518 Cesar,
431 2447 584 2523 sagittariis
599 2449 842 2522 funditoribusque
851 2448 1003 2524 dispositis,
1017 2450 1166 2509 tormentis

178 2524 265 2582 etiarn
287 2526 457 2600 quibusdam
481 2526 551 2583 locis
565 2537 664 2584 contra
678 2526 827 2584 facillimos
841 2528 996 2584 descensus
1009 2527 1165 2596 collocatis,

179 2604 252 2683 aquei
279 2603 403 2662 fluminis
428 2605 596 2680 prohibebat
617 2606 783 2682 oppidanos,
807 2625 925 2680 quorum
951 2606 1045 2666 omnis
1069 2617 1167 2682 postea

178 2683 330 2742 multitudo
353 2694 485 2758 aquatum
501 2693 589 2740 unum
611 2683 755 2746 in'lo'cum
779 2685 989 2750 conveniebat„
1002 2685 1055 2740 sub
1077 2683 1168 2760 ipsius

127 2767 164 2827 30
178 2761 274 2836 oppidi
297 2780 409 2820 murum
433 2763 482 2818 ubi
509 2781 630 2836 magnus
654 2763 716 2820 sons
743 2782 822 2837 aquae
845 2763 1044 2838 prorumpebat
1067 2763 1105 2819 ab
1129 2764 1166 2821 ei

118 2913 123 2920 ι
178 2849 268 2915 parte,
294 2858 357 2914 que
384 2837 443 2897 serti
469 2840 576 2914 pedum
602 2840 681 2923 CCC
710 2841 856 2898 intervallo
874 2839 1012 2898 ‘flunrinis
1037 2839 1167 2900 circuitu

178 2919 307 2976 vacabat.
686 2965 689 2971 ,

182 2992 187 3004 ‘
217 2996 297 3054 XLI.
339 2994 405 3053 Hoc
421 2995 498 3054 sonte
511 2996 653 3072 prohiberi
667 3016 749 3072 posse
761 2997 918 3073 oppidanos
931 3017 1018 3072 quum
1031 3009 1167 3074 optarent

178 3073 287 3148 reliqui,
313 3075 410 3131 Ceasar
434 3094 508 3132 unus
528 3076 655 3142 videret3
686 3095 702 3133 e
726 3075 842 3150 regione
868 3076 929 3152 ejus
955 3076 1053 3133 vineas
1079 3097 1165 3152 agere

126 3159 162 3217 35
179 3151 312 3210 adversus
335 3163 460 3210 montem
483 3163 512 3210 et
539 3173 657 3228 aggeres
680 3154 818 3211 instruere
845 3155 940 3230 coepit,
964 3174 1071 3228 magno
1097 3175 1166 3214 cum

177 3231 273 3290 labore
293 3241 323 3288 et
336 3230 471 3288 continua
490 3229 683 3288 dimicatione.
724 3231 870 3307 Oppidani
888 3234 976 3303 enirn,
997 3233 1062 3290 loco
1082 3253 1167 3310 supe-

157 3310 249 3368 ¹riore
272 3311 464 3376 decurrentes,
489 3309 601 3366 eminus
622 3309 683 3366 sine
706 3310 833 3386 periculo
855 3311 1067 3386 preliabantur,
1092 3312 1166 3370 mul-

176 3398 273 3463 tosque
294 3388 476 3465 pertinaciter
493 3389 681 3446 succedentes
700 3388 907 3456 vulnerabant3
936 3400 967 3447 ut
986 3401 1084 3448 tamen
1105 3409 1165 3450 non

176 3464 393 3542 deterrerentur¹
417 3467 521 3524 milites
548 3467 637 3524 nostri
663 3466 760 3524 vineas
787 3469 922 3542 proferre,
957 3479 1041 3542 atque
1072 3489 1166 3546 operr-

126 3548 162 3610 to
177 3541 231 3598 bns
248 3545 369 3604 ,vincere
394 3546 520 3605 locorum
547 3544 735 3604 difficultates.
787 3547 898 3606 Eodem
914 3557 1049 3621 tempore
1073 3558 1166 3610 tectos

177 3619 325 3680 cuniculos
338 3625 374 3682 ab
387 3625 478 3682 vineis
492 3634 580 3700 agunt
593 3623 629 3680 ad
643 3634 730 3699 caput
743 3624 847 3695 sontis3
867 3625 943 3700 quod
963 3644 1057 3702 genus
1070 3627 1166 3702 operia

176 3696 238 3756 sine
252 3697 309 3756 ullo
328 3702 454 3773 periculo
472 3714 502 3760 et
524 3701 586 3760 sine
606 3702 767 3778 suspicione
791 3705 912 3762 hostium
928 3704 1023 3762 facere
1046 3703 1164 3764 licebat.

177 3774 338 3834 Exstruitur
359 3795 446 3850 agger
459 3780 488 3836 in
510 3781 687 3839 altitudinem
707 3782 812 3856 pedum
834 3781 890 3848 1x,
905 3781 1063 3842 collocatur
1085 3783 1115 3842 in
1128 3801 1164 3844 eo

176 3851 305 3920 torax
325 3851 523 3926 tabitlstorum,
544 3878 602 3918 non
614 3858 730 3935 quidem
742 3861 970 3942 quaevntoenibus
991 3873 1161 3938 equmetur,
