2562 4412
159 333 221 394 aaa
532 319 715 381 nessaeo
732 315 892 380 ascisco

211 476 291 543 locis,
304 473 455 533 multorum
478 473 545 532 fider
564 493 596 531 se
609 471 904 547 committebat,un
923 489 1064 548 nusquam
1086 471 1191 532 diutius

210 554 272 611 sine
295 552 422 630 periculo
441 563 666 611 commoraturus
690 553 846 618 videbatur,
870 569 956 625 quum
980 551 1034 607 sibi
1058 554 1193 610 conscius

191 643 294 699 esset,
308 675 311 680 -
327 630 413 706 qubrn
444 631 591 689 inimicum
624 631 741 690 deberet
771 630 916 688 Gaesarem
950 629 1081 708 habere)
1116 631 1193 688 hunc

211 711 391 788 Epasnactus
424 709 579 776 Arvernus,
613 709 801 766 amicissimus
833 707 935 783 Populi
960 707 1099 780 Βοιιιαιιι,
1133 711 1193 769 sinc

179 794 198 847 5
211 789 387 847 dubitatione
401 788 459 844 ulla
473 788 599 845 vinctum
613 789 649 844 ad
662 788 806 844 Gaesarem
820 787 946 843 deduxit

190 901 195 916 ι
250 867 360 926 XLV..
385 867 531 924 Labienus
556 867 671 924 interim
697 866 727 922 in
754 865 883 924 Treviris
908 874 1039 939 equestre
1064 866 1192 942 praelium

166 1002 169 1014 ,
211 947 370 1004 secuudum
404 944 493 1013 sacit3
527 944 774 1020 compluribusque
804 943 932 1000 Treviris
964 943 1134 1012 intersectis,
1166 956 1193 1003 et

211 1026 372 1091 GermanIs,
393 1024 441 1098 qui
462 1022 533 1080 nulli
553 1025 688 1080 adversim
708 1023 856 1080 Romame
876 1020 982 1078 auxilia
1001 1021 1191 1098 denegabant,

84 1107 91 1111 “
211 1101 354 1180 principes
373 1120 471 1160 eorum
485 1102 561 1160 vivos
574 1102 605 1158 in
627 1119 709 1158 suam
722 1101 832 1176 redegit
850 1110 1038 1176 potestatem
1060 1111 1145 1176 atque
1165 1102 1192 1159 in

164 1185 198 1238 to
212 1181 248 1240 iis
261 1182 366 1238 Surum
381 1181 520 1252 AEduum,
531 1181 581 1255 qui
595 1191 625 1238 et
638 1180 747 1236 virtutis
759 1189 789 1236 et
808 1178 921 1255 generis
934 1197 1073 1236 summam
1096 1180 1193 1238 nobili·

212 1271 299 1318 tatem
315 1261 446 1327 habebat,
460 1258 591 1332 solusque
603 1277 640 1316 ex
657 1258 809 1314 AEduis-ad
829 1257 859 1313 id
875 1267 988 1332 tempus
999 1269 1193 1333 permanserat

212 1357 243 1395 ιιι
258 1358 352 1396 arnam.
447 1376 456 1393 .
581 1355 584 1374 =

252 1416 362 1473 XLVI.
403 1415 448 1471 Et
461 1421 493 1470 re
509 1414 636 1490 cogniti,
648 1414 756 1481 Cacsar,
770 1431 857 1490 quum
878 1413 908 1470 in
920 1413 1050 1471 omnibus
1064 1415 1195 1488 partibus

184 1513 189 1520 ·
212 1492 314 1550 Galliac
338 1494 411 1549 bene
443 1511 489 1548 res
514 1503 609 1568 gestas
635 1492 751 1559 videret,
778 1493 974 1568 judiearetque
1003 1492 1195 1567 superioribus

62 1578 65 1584 ’
164 1573 199 1626 15
214 1571 318 1628 aestivis
340 1570 466 1628 Galliam
492 1570 632 1628 devictam
665 1581 695 1628 et
720 1572 868 1628 subactam
894 1589 975 1639 esse;
1009 1566 1218 1645 Aquitaniam'

213 1667 359 1724 nunquam
374 1649 433 1724 ipse
455 1648 569 1717 adisset,
583 1650 634 1706 sed
654 1669 704 1725 per
717 1649 749 1706 P.
764 1649 899 1706 Crassum
920 1649 1045 1724 quidam
1057 1669 1094 1706 ex
1118 1661 1195 1726 parte

214 1728 384 1797 devicisset3
405 1746 471 1784 cum
493 1727 524 1783 II
545 1727 705 1804 legionibus
726 1727 754 1784 in
768 1747 831 1784 eam
852 1738 961 1803 partem
978 1737 1022 1784 est
1041 1729 1194 1801 profectus,

214 1818 246 1864 ut
259 1807 298 1863 ibi
311 1818 468 1864 extremum
479 1817 591 1881 ternpus
603 1816 792 1863 comsumeret
801 1807 972 1864 ¹aestivorum.
1012 1805 1113 1866 Quam
1128 1825 1195 1878 rem,

214 1886 288 1944 siem
301 1897 414 1957 cetera,
436 1885 566 1942 celeriter
587 1884 762 1959 feliciterque
775 1883 906 1942 confecit.
948 1884 1081 1958 Namque
1099 1904 1197 1943 omnes

162 1961 202 2018 2⁰
215 1965 378 2040 Aquitaniae
401 1963 531 2020 civitates
553 1963 661 2038 legatos
682 1965 796 2020 adeum
820 1962 968 2030 miserunt,
981 1963 1152 2038 obsidesque
1170 1963 1196 2022 ei

214 2043 363 2100 dederunt.
403 2040 520 2103 Quibus
534 2043 619 2098 rebus
638 2042 735 2116 gestis,
750 2041 896 2120 ipsecum
917 2041 1044 2116 equitum
1066 2043 1197 2116 praesidio

214 2119 380 2178 Narbonem
401 2119 545 2194 profectus
563 2130 626 2176 est:
653 2119 810 2176 exercitum
829 2139 880 2194 por
893 2120 1002 2196 legatos
1022 2119 1052 2176 in
1066 2121 1197 2195 ,hyberna

214 2197 348 2254 deduxit:
369 2197 411 2254 lv
426 2197 553 2271 legiones
573 2197 602 2252 in
624 2197 724 2272 Belgio
744 2197 892 2256 collocavit
912 2216 978 2254 cum
1004 2197 1045 2254 M.
1060 2200 1195 2267 Antonio,

214 2285 243 2330 et
256 2274 289 2331 C.
309 2273 466 2340 Trebonio,
480 2283 509 2331 et
522 2274 553 2331 P.
568 2275 694 2343 Vatinio,
708 2287 738 2332 et
749 2276 790 2336 Q.
812 2276 919 2344 Tullio,
933 2276 1053 2352 legatisz
1073 2278 1147 2335 duas
1168 2277 1195 2334 in

164 2349 202 2404 25
217 2351 327 2411 AEduos
341 2352 426 2419 misit,
440 2371 558 2427 quorum
573 2355 602 2411 in
615 2355 693 2412 omni
706 2354 801 2412 Gallia
814 2373 953 2411 summam
967 2373 1029 2412 esse
1049 2355 1195 2414 auotorita-

215 2440 272 2488 tem
286 2431 413 2488 sciebat:
434 2433 506 2488 duas
519 2432 549 2488 in
563 2432 696 2490 Turones
711 2433 745 2490 ad
760 2433 831 2490 fines
844 2433 1004 2490 Carnutum
1018 2435 1195 2509 posuitque

214 2528 329 2567 omnem
355 2510 500 2586 regionem
533 2511 715 2587 conjunctam
748 2511 869 2568 Oceano
894 2513 1094 2570 continerent:
1128 2512 1195 2569 duas

215 2589 338 2663 reliquas
357 2589 386 2646 in
408 2589 592 2646 Lemovicum
613 2590 685 2646 lines
703 2609 759 2648 non
781 2589 865 2666 longe
881 2590 917 2647 ab
931 2589 1078 2657 Arvernis,
1093 2609 1131 2648 ne
1144 2608 1196 2666 qun

214 2686 280 2742 pars
302 2667 403 2724 Gallie
427 2686 517 2725 vacua
535 2669 571 2726 ab
591 2668 718 2725 exercitu
739 2677 822 2725 esset.
870 2668 981 2741 Paucos
1002 2668 1063 2724 dies
1087 2669 1148 2744 ipse
1169 2669 1195 2725 iu

145 2753 150 2764 '
164 2741 201 2798 80
215 2745 367 2804 Provincia
381 2757 514 2812 moratus,
528 2765 614 2820 quum
628 2746 758 2803 celeriter
767 2765 867 2803 omnes
880 2757 1033 2804 conventus
1044 2763 1197 2820 percucur-

215 2823 306 2890 risset,
317 2823 446 2898 publicas
459 2823 664 2881 controversias
674 2824 862 2899 cognovisset,
877 2825 950 2881 bene
965 2822 1069 2881 meritis
1078 2823 1197 2898 praemia

214 2902 368 2968 tribuisset,
384 2902 589 2978 (cognoscendi
610 2902 687 2959 enim
709 2903 862 2960 maximam
880 2903 1041 2960 facultatem
1062 2902 1194 2970 habebat,

215 2981 291 3054 quali
316 2980 434 3055 quisque
458 2979 553 3038 animo
576 2980 606 3038 in
633 2980 836 3056 rempublicam
864 2981 963 3039 luisset
985 2979 1071 3038 totius
1096 2981 1195 3039 Gallie

215 3058 386 3124 delectione,
399 3076 484 3132 quam
504 3059 678 3116 sustinuerat
697 3058 832 3117 fidelitate
854 3069 937 3134 atque
953 3058 1067 3116 auxiliis
1084 3058 1204 3124 Ριοιίιι-ι

166 3133 202 3190 35
216 3135 294 3215 eim)
309 3134 353 3192 his
374 3137 458 3192 rebus
471 3137 619 3202 consectis,
635 3138 670 3194 ad
690 3137 817 3212 legiones
831 3137 859 3195 in
880 3137 1012 3214 Belgium
1033 3155 1065 3194 se
1087 3136 1194 3212 recipit,

215 3215 410 3292 hybernatque
423 3212 656 3272 Nemetocenna.
765 3245 773 3268 .

174 3319 189 3343 0
254 3291 381 3352 XLVII.
423 3291 468 3350 Ibi
487 3293 643 3368 cognoscit,
657 3293 819 3352 Commium
834 3294 1001 3352 Atrebatem
1021 3292 1120 3369 praelio
1131 3311 1196 3351 cum

201 3373 342 3447 equitatu
356 3391 409 3430 suo
431 3371 620 3432 contendisse.
661 3371 738 3430 Nam
754 3391 840 3447 quum
861 3371 1007 3430 Antonius
1028 3373 1058 3428 ln
1072 3372 1197 3448 hyberna

218 3451 349 3520 venmset,
362 3450 520 3526 civitasque
533 3449 703 3509 Atrebatum
717 3450 747 3506 in
759 3451 854 3508 officio
867 3461 996 3509 maneret
1009 3470 1017 3519 3
1038 3450 1195 3515 Commius.

167 3521 203 3576 4⁰
217 3525 265 3599 qui
290 3539 353 3601 post
382 3529 459 3587 illam
486 3528 720 3599 vulnerationem,
746 3547 831 3603 quam
857 3527 944 3605 sopri
969 3528 1196 3596 commemoravi,

218 3621 328 3676 semper
342 3607 377 3664 ad
390 3624 491 3665 omnes
510 3617 603 3665 motus
616 3617 730 3681 paratus
742 3607 802 3664 suis
815 3607 926 3664 ciuibus
938 3625 1002 3664 esse
1021 3607 1195 3674 consuesset,

218 3698 256 3740 ne
269 3681 388 3740 consilia
401 3684 467 3742 belli
477 3684 670 3760 querentibus
683 3695 781 3744 auctor
794 3698 935 3744 umorum
950 3685 1065 3760 duxque
1079 3687 1195 3751 deesset.

239 3767 336 3814 arente
362 3758 503 3818 Romania
527 3763 652 3830 civitate,
679 3777 745 3820 cum
769 3764 828 3821 suis
852 3763 997 3836 equitibus
1022 3781 1054 3820 se
1081 3777 1196 3838 suosque

216 3777 376 3898 latrocimis
389 3833 491 3900 alebat.
502 3839 667 3915 infimisque
681 3841 828 3900 itineribus
840 3851 1018 3898 commeatus
1030 3843 1195 3920 complures.

169 3907 206 3969 46
218 3911 268 3986 qui
281 3909 529 3986 comportabtutut
542 3915 572 3970 in
586 3917 712 3991 hyberna
725 3919 932 3988 Romanorum,
946 3918 1155 3996 intercipiebat.
