2590 4424
416 321 524 380 runnu
540 325 736 381 saeunous.
1073 335 1113 392 ct
1165 367 1171 381 ,
1213 347 1214 354 1

81 493 147 532 esse
167 472 286 532 unusne
306 468 477 528 latissimum
498 468 613 535 flumen,
634 468 790 528 ascendere
812 467 962 529 altissimas
979 469 1064 548 ripas,
1103 469 1104 473 ’

82 552 181 610 subire
193 549 402 625 iniquissimum
416 547 528 606 locum:
549 565 611 621 quas
626 546 722 606 facilia
734 565 770 604 ex
783 546 958 606 difficillimis
978 550 1065 608 enimi

82 648 114 687 m
172 628 252 686 itudo
263 626 423 702 redegerat

183 705 271 763 VIII.
312 705 379 764 Hoc
399 702 497 778 prelio
517 702 602 770 facto,
626 713 655 760 et
675 721 761 779 prope
783 703 819 761 ed
840 702 1065 764 internecionem

81 795 169 862 gente
182 803 217 842 ac
231 783 346 843 nomine
365 781 536 838 Nerviorum
549 781 676 848 redacto,
690 781 811 856 majores
830 792 910 850 natu,
924 802 994 859 quos
1007 781 1066 842 und
1089 789 1108 842 5

82 882 151 922 cum
173 862 270 938 pueris
290 859 511 934 mulieribusque
535 857 718 916 in'restuaria
739 878 774 916 ac
793 859 912 936 paludes
931 861 1067 920 collectos

82 942 256 1008 dixeramus,
277 939 334 996 hbe
355 937 453 1014 pugni
473 935 621 1004 nunciati,
642 955 730 1012 quum
749 937 902 996 victoribus
922 939 994 996 nihil
1015 939 1067 998 im-

82 1018 222 1095 peditum,
237 1016 319 1076 victis
338 1015 410 1074 nihil
422 1023 515 1072 tutum
530 1013 742 1090 arbitrarentur,
754 1015 892 1085 omhium,
906 1017 954 1092 qui
970 1036 1066 1093 ruper-

64 1106 177 1164 'erant,
204 1089 346 1172 ecnsbnsu
374 1093 483 1169 legatos
513 1093 549 1149 ad
576 1091 720 1148 Cesarem
752 1092 899 1163 miserunt,
927 1114 1013 1172 seque
1038 1094 1065 1152 ei

82 1174 278 1242 dediderunt3
308 1183 347 1243 et,
368 1172 398 1229 in
419 1169 667 1228 commemoranda
690 1170 813 1227 civitatis
833 1172 1017 1242 calamitate,
1029 1192 1066 1231 er
1074 1177 1109 1230 10

83 1251 139 1310 Dc
154 1252 192 1310 ad
205 1249 254 1308 ΙΙΙ
268 1255 421 1317 senatores,
435 1268 471 1306 er
484 1247 631 1306 hominum
651 1247 775 1305 millibus
787 1249 843 1306 LX
857 1249 903 1306 rix
916 1251 952 1308 ad
965 1251 1004 1318 D,
1017 1251 1066 1326 qui

84 1349 166 1388 arma
198 1329 271 1386 ferre
303 1337 427 1404 possent,
454 1345 516 1385 sese
542 1326 673 1384 redactos
701 1345 763 1393 ,esse
789 1328 930 1386 dixerunt
976 1324 1066 1390 'Quos

83 1407 193 1475 Cesar,
207 1418 239 1465 ut
260 1408 289 1464 in
310 1407 428 1463 miseros
441 1424 476 1462 sc
497 1403 639 1480 supplices
662 1401 730 1462 us'u's
750 1404 943 1464 misericordia
958 1405 1066 1464 videre-
1141 1475 1144 1481 Ι

82 1498 141 1553 tur,
151 1483 370 1562 diligentissime
391 1484 583 1552 conservavit;
604 1481 718 1556 suisque
735 1482 840 1540 tinibus
860 1495 943 1559 atque
956 1484 1066 1560 oppidis

84 1563 126 1620 uti
144 1563 239 1638 jussit,
253 1573 281 1620 et
293 1562 421 1620 finitimis
441 1561 598 1637 imperavit,
613 1569 644 1617 ut
662 1561 697 1616 ab
719 1559 822 1636 injurii
835 1573 864 1618 et
877 1562 1018 1622 maleficio
1035 1582 1065 1621 se
1074 1567 1108 1621 15

84 1659 210 1716 suosque
222 1641 411 1716 prohiberent.

124 1717 245 1776 XXIX.
279 1718 432 1784 Aduatuci,
466 1717 502 1773 de
533 1716 636 1791 quibus
669 1714 753 1798 suprd
781 1717 953 1792 scripsimus,
979 1735 1066 1791 quum

83 1793 220 1855 omnibus
233 1797 321 1871 copiis
342 1795 446 1852 auxilio
459 1794 574 1851 Nerviis
587 1793 725 1860 venirent,
740 1793 795 1850 hic
807 1794 905 1870 pugnis
917 1795 1065 1864 nunciati,

83 1895 120 1932 ex
141 1874 247 1932 itinere
268 1876 383 1931 domum
403 1882 594 1942 reverterunt;
623 1873 736 1929 eunctis
755 1871 866 1948 oppidis
887 1871 1066 1948 castellisque

84 1952 215 2020 desertis,
230 1971 282 2010 sua
300 1951 398 2010 omnia
417 1951 447 2008 in
460 1969 549 2007 unum
564 1950 709 2026 oppidum,
730 1949 846 2026 egregie
860 1950 962 2008 natura
975 1950 1109 2010 muni-20

82 2043 155 2099 turn,
190 2031 381 2089 contulerunt.
434 2029 524 2090 Quod
549 2046 636 2103 quum
661 2047 698 2086 ex
729 2027 862 2086 omnibus
887 2028 917 2086 in
945 2027 1066 2086 circuitu

82 2109 212 2184 partibus
226 2108 376 2166 altissimas
397 2125 480 2183 rupes
498 2106 704 2182 despectusque
717 2107 843 2174 haberet,
858 2107 916 2164 und
936 2126 972 2164 er
988 2117 1067 2183 parte

82 2183 190 2245 leniter'
202 2181 434 2266 acclivis‘aditus
446 2184 476 2242 iu
489 2183 668 2242 latitudinem
679 2205 737 2244 non
751 2183 872 2262 amplius
883 2184 938 2244 CO
951 2186 1066 2262 pedum,

84 2265 313 2342 relinquebatur:
352 2283 420 2320 uem
429 2263 524 2320 locum
535 2262 643 2338 duplici
654 2263 789 2322 altissimo
798 2283 880 2323 muro
889 2263 1067 2336 munierant3

83 2353 146 2400 tum
158 2343 258 2418 magni
277 2357 333 2419 pon
355 2341 411 2398 eris
431 2359 499 2398 sexa
512 2351 541 2398 et
560 2352 718 2416 presentes
732 2343 827 2404 trabes
840 2342 870 2400 in
890 2353 971 2400 muro
984 2343 1110 2402 collo-25

83 2421 195 2478 citant.
237 2421 296 2496 Ipsi
314 2430 396 2478 erent
416 2440 452 2477 ex
470 2418 596 2476 Cimbris
616 2419 813 2494 Teutonisque
832 2421 980 2497 prognati;
1008 2421 1066 2496 qui,

84 2517 172 2574 quum
187 2499 242 2556 iter
263 2498 292 2555 in
312 2497 493 2556 Provinciam
508 2507 633 2555 nostram
648 2508 730 2572 atque
745 2497 858 2554 Italiam
876 2499 1012 2565 facerent,
1031 2499 1066 2556 iis

85 2576 308 2653 impedimentis,
331 2595 394 2653 quae
418 2593 516 2633 seeum
540 2594 625 2652 agere
643 2595 686 2632 ,ae
706 2585 817 2650 portare
843 2595 902 2632 non
927 2586 1066 2652 poterant,

85 2654 157 2713 citra
173 2655 281 2712 flumen
295 2653 432 2712 Rhenum
452 2653 597 2730 depositis,
611 2653 747 2710 custodiae
760 2671 796 2709 ex
816 2651 875 2709 suis
889 2672 924 2710 ac
937 2652 1068 2728 praesidio

82 2751 134 2800 ,sex
160 2732 252 2790 millia
278 2732 424 2790 hominum
453 2731 541 2821 [und]
572 2731 755 2810 reliquerunt.
810 2729 860 2798 Hi,
884 2741 946 2808 post
970 2735 1111 2792 eorumeo
1184 2757 1189 2765 ·

42 2811 47 2816 ’
83 2811 204 2884 obitum,
218 2811 323 2868 multos
337 2829 427 2868 annos
441 2830 458 2867 a
471 2809 599 2868 tinitnnis
611 2809 757 2886 exagitati,
771 2828 858 2884 quum
880 2808 950 2868 aliis
963 2807 1069 2867 bellum

85 2888 234 2956 inferrent,
250 2887 321 2946 alids
337 2888 446 2945 illatum
465 2888 661 2956 defenderent,
675 2907 817 2946 consensu
830 2907 928 2949 eorum
941 2888 1085 2947 omnium*

82 2985 156 3042 pace
170 2967 258 3035 sacti,
273 2961 351 3024 hunc
364 2965 418 3023 sibi
432 2965 576 3042 domicilio
589 2967 684 3025 locum
698 2966 872 3043 delegemnt.

123 3045 227 3102 XXX.
269 3044 327 3112 Ae,
349 3044 441 3120 primo
468 3044 591 3102 adventu
617 3044 760 3102 exercitiis
782 3043 870 3101 nostri
893 3043 1008 3100 crebras
1033 3062 1070 3102 ex

81 3123 188 3200 oppido
198 3122 384 3182 excursiones
405 3121 558 3190 faciebant,
572 3123 751 3200 parvulisque
764 3121 868 3198 preliis
887 3140 954 3180 eum
967 3121 1117 3200 nostriseq

82 3201 321 3259 contendebant:
354 3210 462 3276 postea,
484 3201 557 3258 vallo
579 3201 684 3276 pedum
710 3200 783 3268 XII,
812 3200 842 3258 in
868 3200 991 3259 circuitu
1011 3200 1069 3257 XV

81 3277 217 3346 millium,
239 3277 402 3354 crebrisque
423 3278 547 3336 castellis
567 3279 790 3347 circummuniti,
804 3279 908 3356 oppido
927 3297 989 3336 sese
1003 3295 1070 3332 con·

82 3356 226 3415 tinebant.
267 3355 335 3424 Ubi,
350 3356 447 3418 vineis.
462 3356 543 3429 actis,
562 3375 666 3433 aggere
686 3367 839 3424 exstructo,
852 3355 952 3412 turrim
972 3351 1070 3428 procul

80 3434 221 3493 constitui
233 3434 375 3502 videmnt,
389 3432 512 3512 primirm
523 3434 641 3492 irridere
653 3453 690 3492 ex
704 3454 795 3503 muro,
807 3444 890 3508 atque
901 3429 1070 3506 increpitare

78 3511 282 3589 vocibusque
303 3523 384 3570 tanta
404 3512 579 3571 machinatio
593 3515 630 3570 ab
650 3523 729 3572 tanto
746 3511 837 3590 spatio
856 3509 1113 3569 instituereturlto

76 3589 258 3666 quibusnam
278 3590 421 3659 manibus,
443 3602 492 3666 aut
511 3591 614 3666 quibus
633 3591 748 3660 viribus,
768 3587 923 3667 presertim
943 3587 1072 3646 homines
1150 3655 1156 3668 ἱ

76 3667 207 3728 tantulae
233 3680 348 3728 staturae
383 3670 465 3746 (nam
493 3667 660 3746 plerumque
693 3665 867 3728 hominibus
883 3665 984 3734 Gallis,
1014 3685 1072 3742 prm
1108 3725 1111 3730 Δ

77 3745 287 3824 magnitudine
308 3764 457 3824 eorpomm
481 3765 605 3815 suorum,
633 3747 755 3804 brevitas
774 3753 871 3804 nostra
897 3743 1072 3820 contemptui
1145 3752 1149 3770 ·

75 3827 142 3906 est)
157 3825 231 3884 tanti
251 3825 349 3884 oneris
368 3823 468 3884 turrim
481 3824 512 3883 in
527 3843 623 3885 muros
636 3842 698 3884 sese
718 3819 859 3884 collucere
872 3822 1072 3884 confiderentl
