2564 4422
154 351 214 412 m
513 348 562 398 nn
578 346 694 398 numo
712 345 870 410 unutrco

201 485 263 550 bus
272 500 302 548 et
310 489 340 564 ii,
348 489 396 566 qui
407 489 614 549 munitionibus
626 488 856 570 nominabantur,
864 497 893 546 et
901 486 931 556 ii,
941 486 990 562 qui
1000 487 1036 544 ud
1047 487 1184 548 auxilium

202 579 403 640 couvenerant,
414 569 538 628 clamore
551 579 581 625 et
593 567 702 624 ululatu
715 581 830 624 suorum
845 565 954 624 auiruos
966 566 1184 626 confirmabant.

200 645 291 710 qued
314 649 345 704 in
367 657 522 722 wuspectu
541 646 668 704 omnium
688 663 735 701 res
754 644 916 719 gerebatur,
936 651 1029 719 neque
1050 644 1133 704 recte
1154 664 1186 704 ac

201 726 319 801 turpiter
332 725 439 782 lactuin
453 724 539 782 celari
552 733 680 800 poterct;
700 732 833 796 utrosque
845 733 875 779 et
887 722 981 779 laudis
991 723 1148 798 cupiditas,
1159 735 1187 784 at

170 804 286 866 btimor
299 803 462 880 ignominie
483 802 519 860 ad
534 802 666 859 virtutem
686 800 859 858 excitabant
906 800 1009 862 Quum
1030 820 1048 857 a
1068 802 1187 860 meridie

202 899 290 971 prope
300 883 336 940 ad
344 881 411 940 solis
420 899 554 938 mensum
568 879 656 936 dubit
664 878 782 938 victorii
789 889 973 954 pugnaretur,
981 879 1187 940 Germaniunl

178 991 191 1030 χ
204 979 234 1017 nr
246 971 326 1038 parte
349 960 484 1017 confertis
506 958 607 1016 turmis
619 957 649 1014 iu
663 959 758 1016 hostes
771 957 908 1032 impetum
928 957 1068 1026 lecerunt,
1084 977 1185 1034 eosque

79 1075 82 1080 -
203 1038 386 1114 propulerunt
398 1057 404 1094 :
416 1037 529 1113 ,quibus
538 1037 569 1094 in
580 1037 677 1112 lugam
687 1035 835 1111 conjectis,
846 1034 984 1110 sagittarii
998 1035 1185 1095 circumventi

204 1116 400 1191 interfectique
414 1128 489 1172 sunt.
530 1115 605 1172 Item
617 1133 653 1172 ex
666 1114 781 1188 reliquis
793 1113 921 1188 partibus
937 1113 1036 1183 nostri,
1051 1115 1185 1173 cedentes

156 1203 192 1257 to
204 1213 292 1270 usque
307 1194 342 1252 ad
361 1205 456 1251 castra
468 1194 600 1262 insecuti,
614 1193 658 1250 sui
678 1192 831 1266 colligendi
845 1191 1009 1249 facultatem
1029 1211 1089 1250 uon
1103 1193 1186 1251 dede-

189 1267 279 1330 runt.
320 1273 362 1330 At
374 1272 405 1340 ii,
413 1273 462 1348 qui
476 1273 512 1330 ab
526 1271 626 1330 Alesia
635 1283 840 1346 processerant,
851 1269 955 1338 moesti,
969 1289 1056 1346 prope
1070 1269 1185 1330 victorii

204 1347 363 1426 desperati,
377 1369 408 1408 se
422 1351 452 1407 in
464 1349 599 1424 oppidum
616 1358 793 1424 receperunt

89 1445 92 1450 ·
244 1429 387 1485 LXXXI.
428 1425 975 1501 Unodieiutermieso,(lalli,atquehoc
983 1425 1072 1502 spatio
1081 1445 1187 1504 magno

205 1505 335 1571 cratium,
352 1505 503 1572 malarum,
517 1506 712 1580 harpagonum
725 1523 845 1562 numero
862 1505 974 1572 effecto,
988 1504 1083 1562 medii
1103 1517 1187 1564 nocte

156 1589 191 1644 lb
206 1582 318 1640 silentio
330 1601 366 1639 ex
379 1583 481 1640 castris
490 1583 607 1659 egressi,
618 1583 654 1640 ad
663 1593 837 1658 campestres
850 1583 1023 1640 munitiones
1037 1585 1185 1642 accedunt.

207 1661 308 1719 Subito
334 1661 459 1720 clamore
485 1662 605 1734 sublato,
632 1661 689 1736 qud
711 1661 929 1737 significatione,
956 1661 1004 1736 qui
1029 1661 1059 1718 in
1085 1663 1187 1738 oppido

205 1740 419 1808 obsidebantur,
446 1741 482 1798 de
515 1759 567 1798 suo
593 1741 716 1797 adventu
742 1759 915 1815 cognoscere
944 1750 1069 1814 possent,
1098 1751 1186 1800 crates

205 1819 353 1895 projicere,
365 1819 470 1887 fundis,
484 1819 603 1896 sagittis,
617 1818 759 1894 lapidibus
772 1829 881 1876 nostros
894 1819 930 1874 de
942 1817 1014 1876 vallo
1026 1819 1185 1887 deturbare,

206 1897 380 1974 reliquaque,
399 1917 462 1974 quae
486 1899 523 1956 ad
541 1897 782 1974 oppugnationem
793 1896 957 1973 pertinent,
982 1896 1185 1956 administrare.

155 1981 192 2036 m
207 1975 316 2034 chern
343 1988 479 2053 tempore,
505 1977 629 2036 clamore
655 1975 799 2042 exaudito,
822 1974 872 2032 dat
897 1975 967 2032 tuba
992 1974 1108 2050 signum
1132 1977 1187 2034 suis

207 2055 435 2130 Vercingetorix,
450 2066 534 2129 atque
553 2073 590 2112 ex
602 2053 706 2129 oppido
718 2052 824 2110 educit.
865 2052 974 2120 Nostri,
995 2064 1027 2111 ut
1039 2053 1187 2129 superiori-

205 2133 259 2188 bus
279 2133 380 2190 diebus
399 2151 467 2188 suus
488 2133 590 2206 cuique
611 2141 672 2189 erat
693 2131 774 2188 locus
794 2131 937 2198 definitus,
960 2131 996 2188 ad
1016 2131 1187 2190 munitiones

189 2255 194 2264 .
206 2209 367 2266 accedunt:
396 2208 501 2276 fundis,
523 2209 673 2275 librilibus,
694 2209 878 2284 sudibusque,
898 2229 969 2284 quas
983 2210 1013 2267 in
1024 2229 1120 2285 opere.
1134 2210 1188 2268 dis·

205 2295 367 2362 posuerant,
379 2304 414 2352 aq
424 2286 576 2361 glandibus
585 2287 683 2346 Gallos
692 2297 857 2363 perterrent.
898 2288 1054 2364 Prospectu
1064 2288 1188 2346 tenebris

155 2369 191 2421 25
207 2363 346 2439 adempto,
380 2365 469 2423 multa
501 2365 641 2440 utrimque
668 2365 784 2424 vulnera
814 2365 1011 2441 accipiuntur;
1043 2367 1188 2443 complura

207 2443 352 2500 tormentis
360 2443 417 2500 tela
430 2443 629 2520 conjiciuntur.
671 2444 712 2502 At
722 2443 763 2502 M.
774 2445 918 2504 Antonius
927 2455 956 2502 et
969 2445 1004 2501 C.
1014 2444 1186 2513 Trebonius,

205 2520 301 2597 legati,
315 2521 418 2597 quibus
430 2542 473 2580 eae
486 2533 580 2599 partes
598 2523 634 2580 ad
647 2522 859 2580 defendendum
878 2524 1135 2598 enumeransque
1152 2543 1188 2582 ex

107 2599 111 2614 ⁸
205 2611 284 2676 parte
305 2613 415 2659 nostros
434 2601 525 2678 premi
549 2601 755 2670 intellexerant,
777 2601 812 2659 iis
833 2601 938 2660 auxilio
960 2620 995 2658 ex
1009 2601 1189 2678 ulterioribus

206 2680 329 2738 castellis
342 2681 480 2738 deductos
493 2680 706 2738 submittebant.
951 2711 954 2718 ¹

155 2761 191 2816 30
246 2757 403 2815 LXXXII.
446 2757 524 2816 Dum
545 2756 658 2833 longilrs
672 2759 708 2815 ab
721 2757 878 2815 munitione
892 2757 1009 2816 aberant
1021 2757 1108 2826 Galli,
1125 2757 1190 2833 pllrs

206 2835 387 2892 multitudine
407 2835 526 2893 telorum
549 2835 754 2912 proficiebant:
782 2847 964 2910 posteaquam
986 2832 1101 2911 propitia
1126 2855 1191 2894 suc-

206 2923 362 2980 cesserunt,
385 2924 434 2970 aut
456 2932 487 2970 se
507 2913 561 2989 ipsi
581 2913 701 2971 stimulis
715 2913 894 2989 inopinantes
907 2913 1073 2982 induebant,
1088 2925 1139 2972 aut
1160 2915 1189 2972 in

206 2993 321 3049 scrobes
346 2991 454 3067 delapsi
477 2992 743 3058 transfodiebantur,
769 3003 817 3050 aut
846 3011 882 3050 ex
904 2992 978 3050 vallo
1009 3002 1038 3048 et
1063 2992 1190 3050 turribus

206 3070 351 3144 transjecti
364 3070 430 3146 pilis
447 3070 603 3128 muralibus
616 3070 778 3128 interibant.
819 3069 919 3128 Multis
938 3069 1064 3145 undique
1078 3070 1190 3128 vulner-

157 3151 193 3208 35
207 3146 270 3204 ibus
284 3149 418 3223 acceptis,
433 3149 512 3206 nullia
531 3149 688 3208 munitione
708 3149 850 3224 perrupta,
864 3167 951 3223 quum
971 3148 1020 3204 lux
1034 3159 1188 3224 appeteret,

207 3225 297 3298 veriti,
311 3245 348 3284 ne
362 3226 493 3284 ablatere
508 3238 604 3302 aperto
613 3246 649 3284 ex
660 3225 850 3301 superioribus
860 3226 961 3283 castris
973 3225 1123 3302 eruptione
1136 3227 1190 3284 cir-

206 3305 446 3373 cumvenirentur,
462 3325 492 3362 se
504 3305 539 3362 ad
550 3323 618 3361 euos
626 3314 802 3380 receperunt.
844 3305 885 3362 At
895 3303 1052 3372 interiores,
1064 3305 1189 3372 dumea,

206 3403 269 3456 quae
297 3405 313 3442 a
341 3383 575 3460 Vercingetorige
606 3383 641 3440 ad
672 3381 848 3456 eruptionem
874 3393 1104 3457 preparaverant,
1128 3401 1192 3458 prc-

208 3459 310 3528 serunt,
331 3464 438 3539 priores
461 3463 549 3520 fossas
572 3461 706 3536 explent3
730 3458 836 3516 diutius
860 3460 889 3516 in
913 3459 948 3516 iis
971 3461 1056 3518 rebus
1080 3461 1191 3518 admin-

159 3538 193 3594 tu
208 3534 341 3597 intrandis
368 3541 478 3608 morati,
503 3538 581 3616 priris
607 3557 673 3596 suos
693 3537 858 3596 discessisse
878 3548 1082 3612 cognoverunt,
1104 3538 1191 3614 quim

208 3614 413 3676 munitionibus
434 3619 697 3695 appropinquarent.
738 3615 794 3684 Ita,
808 3634 838 3672 re
860 3614 976 3683 infecti,
1001 3615 1031 3674 in
1053 3617 1191 3693 oppidum

208 3701 422 3828 leffiuffitn
463 3773 513 3834 Bis
522 3792 628 3848 magno
640 3792 706 3832 cum
720 3771 891 3832 detrimento
902 3739 1008 3846 repulsi
1020 3773 1111 3843 Galli,
1123 3773 1192 3850 quid

209 3858 308 3927 agant,
326 3847 496 3904 consulunt:
516 3851 644 3912 beorum
663 3851 768 3926 peritos
788 3847 943 3906 adhibent:
966 3851 1004 3910 ab
1023 3851 1070 3910 his
1083 3852 1194 3930 ruperi-
