2564 4422
370 392 375 412 Χ
455 311 561 366 trans
576 313 760 369 sirannus.
1090 322 1146 387 1¹5

54 465 64 475 '
108 473 248 538 mum
260 455 378 516 circiter
392 453 485 515 XXX
499 458 535 515 ab
541 457 684 536 Gergovia
698 459 819 532 abesset,
828 462 990 522 marecolis
1003 463 1096 525 subito

109 537 259 611 stlitibus,
280 536 454 611 lacrymans,
478 534 564 598 ‘Qud
584 537 811 614 proficiscimur?
832 540 933 616 inquit,
953 543 1095 604 ‘militest

108 615 215 674 Omnis
234 623 331 672 noster
353 613 506 690 equitatus,
530 615 624 674 omnis
646 617 779 675 nobilitas
799 618 925 677 interiit:
954 622 1097 699 principes

108 693 233 752 civitatis
259 692 437 770 Eporedorix
459 702 489 749 et
509 692 716 764 Viridomarus,
740 696 896 756 insimulati
921 699 1096 776 proditionis,

108 773 144 831 ab
158 771 305 830 Romanis
325 770 435 828 indicti
455 771 545 828 causi
565 771 708 831 interlecti
721 785 795 833 sunt.
837 775 910 834 Heu
931 776 1016 834 abiis
1033 797 1097 856 cog-
1129 787 1146 837 5

107 851 230 919 noscito,
241 849 291 926 qui
304 867 341 907 ax
358 849 420 926 ipsi
432 849 512 906 cedo
533 849 683 926 fugerunt:
704 871 772 910 narn
785 871 850 929 ego,
868 854 1001 912 fratribus
1014 865 1097 931 atque

106 929 244 988 omuibus
266 927 433 1006 propinquis
455 927 529 984 meis*
547 929 714 997 interfectis,
738 931 834 990 dolore
854 933 1014 1009 prohibeor,
1034 952 1097 1010 que

108 1018 194 1084 gesta
206 1016 281 1074 aunt,
291 1006 502 1082 pronunciare!
543 1007 742 1066 Producuntur
752 1009 782 1077 ii,
797 1027 867 1085 quos
877 1011 924 1068 ille
934 1013 1095 1080 edocuerat,

108 1105 176 1162 qtrae
190 1085 247 1142 dici
260 1085 360 1156 rellet3
383 1095 466 1160 atque
482 1085 594 1153 eadem,
608 1104 671 1159 qum
685 1086 831 1146 Litavicus
849 1091 1095 1165 pronunciaverat,

108 1163 286 1222 multitudini
298 1172 461 1240 exponunt:
484 1162 612 1230 ‘Omnes
625 1164 734 1240 equites
748 1165 908 1225 AEduorum
922 1168 1094 1238 interfectos,
1113 1173 1147 1227 10

94 1240 190 1320 ,un
203 1241 334 1301 codoomi
347 1257 415 1299 curn
429 1242 566 1299 Arvernis
579 1241 759 1314 dic‘erentur3
781 1244 856 1322 ipsos
874 1265 904 1304 se
917 1246 991 1304 inter
1004 1247 1097 1305 multi·
1189 1291 1196 1304 ,

107 1319 241 1378 tudinem
255 1321 378 1380 militum
390 1320 560 1388 enutritione,
575 1331 658 1396 atque
671 1340 707 1379 ex
719 1323 815 1380 medii
828 1325 908 1382 crede
920 1325 1095 1402 prodigiose!

108 1399 303 1460 Conclamant
317 1398 416 1466 AEdui,
430 1409 459 1456 et
480 1398 650 1467 Litavicum,
664 1410 695 1457 ut
716 1400 770 1458 sibi
784 1403 923 1471 consulat,
936 1404 1095 1462 obsecrant·

110 1475 226 1540 ‘Quasi
238 1477 432 1553 verdssinquit
453 1477 509 1545 ille,
526 1477 655 1535 ‘consilii
676 1477 712 1535 sit
732 1498 787 1548 res,
802 1500 837 1558 ac
858 1501 916 1541 non
929 1500 1047 1541 necesse
1060 1483 1097 1540 sit

108 1555 198 1614 nobis
215 1555 383 1631 Gergoviam
402 1556 587 1623 contendere,
606 1566 635 1613 et
655 1574 722 1613 curn
742 1557 879 1617 Arvernis
898 1571 1009 1618 nosmet
1029 1580 1097 1620 con·
1113 1565 1146 1618 15

105 1635 244 1712 J'ungere.
293 1633 341 1690 An
365 1634 535 1701 dubitamus,
560 1634 638 1710 quin,
670 1633 779 1692 nefario
811 1636 936 1694 facinore
963 1639 1095 1705 admisso,

109 1710 244 1772 Romani
255 1711 314 1788 jam
335 1713 369 1770 ad
382 1731 442 1770 nos
454 1712 667 1770 interficiendos
687 1713 878 1770 concurrenti
918 1714 1051 1782 Proinde,
1072 1717 1096 1772 si

107 1790 182 1866 quid
205 1801 250 1848 est
275 1790 304 1848 in
325 1791 407 1849 nobis
431 1789 529 1858 animi,
552 1807 754 1866 persequamur
777 1809 875 1849 eorum
895 1802 1024 1859 mortem,
1047 1793 1095 1868 qui

109 1868 311 1946 indignissime
335 1867 514 1937 interierunt,
543 1879 627 1944 utque
648 1871 700 1927 hos
723 1869 846 1928 latrones
873 1869 1094 1928 interficiamus!

108 1947 247 2006 Ostendit
260 1947 336 2005 cives
356 1949 515 2016 Romnum,
529 1947 578 2023 qui
591 1947 652 2024 ejus
669 1947 794 2024 praesidii
807 1948 914 2006 fiducia
933 1947 993 2005 und
1004 1958 1093 2006 erant.
1110 1951 1146 2006 2⁰

110 2023 259 2084 Continud
272 2045 409 2104 magnum
422 2045 574 2084 numerum
592 2026 726 2084 tinnienti
739 2026 969 2103 commeatsrsque
989 2026 1095 2103 diripit,

110 2105 187 2180 ipsos
209 2105 361 2163 crudeliter
382 2105 562 2163 excruciatus
582 2105 735 2164 interficit:
761 2107 882 2164 nuncios
902 2107 961 2164 tort
982 2105 1095 2164 civiate

110 2182 272 2243 AEduorum
292 2183 419 2252 dimittit,
446 2184 547 2242 eodem
570 2185 723 2243 mendacio
747 2186 785 2243 de
811 2186 889 2244 caede
916 2185 1042 2262 equitum
1068 2196 1096 2242 et

109 2261 273 2338 principum
293 2273 459 2338 permovet:
488 2263 623 2331 hortatur,
645 2274 677 2320 ut
695 2263 780 2320 simili
800 2263 920 2332 ratione,
935 2273 1018 2340 atque
1036 2265 1096 2342 ipse

110 2340 222 2407 fecerit,
235 2359 302 2399 suas
314 2341 434 2418 injurias
451 2351 664 2418 persequantur.
1111 2345 1146 2400 25

150 2418 299 2490 XXXIX.
341 2419 517 2497 Eporedorix
543 2419 666 2487 AEduus,
691 2436 802 2477 summo
831 2418 895 2477 loco
920 2430 1004 2477 natus
1031 2421 1096 2480 ado-

109 2497 235 2566 lescens,
248 2510 277 2556 et
296 2517 415 2556 summae
433 2498 510 2556 domi
530 2499 674 2574 potentias,
688 2507 717 2555 et
736 2493 796 2553 uni
808 2495 1014 2561 Viridomarus,
1035 2500 1096 2572 pari

110 2585 198 2634 aetate
222 2585 250 2634 et
271 2577 373 2654 gratia,
398 2577 448 2634 sed
474 2595 580 2654 genere
603 2576 719 2652 dispari,
739 2593 824 2649 quem
851 2573 958 2640 Caesar,
983 2572 1037 2628 sibi
1061 2575 1097 2629 ab

110 2652 257 2713 Divitiuco
279 2656 425 2728 traditum,
446 2675 483 2713 ex
503 2655 603 2714 humili
624 2655 687 2712 loco
709 2653 745 2712 ad
769 2669 907 2710 summam
929 2649 1097 2728 dignitatern

109 2733 292 2808 perduxerat,
314 2733 344 2792 in
366 2734 633 2808 equitum-numero
653 2741 855 2799 convenerant,
869 2728 1037 2788 nominatim
1061 2729 1097 2787 ab
1113 2733 1147 2786 30

109 2829 146 2868 eo
172 2812 291 2870 evocati.
343 2811 399 2870 His
421 2823 483 2870 erut
508 2812 581 2870 inter
603 2811 686 2869 sede
726 2811 867 2887 rincipatu
889 2807 1043 2876 contentio,
1069 2819 1098 2866 et

110 2889 151 2946 in¹
169 2888 218 2948 itta
245 2890 461 2966 magistratuum
484 2890 675 2949 controversia
723 2899 765 2947 ter
788 2908 839 2965 pro
861 2887 1097 2952 Convictolitane,

111 2967 183 3025 alter
195 2987 247 3044 pro
261 2969 335 3027 Coto
355 2969 473 3026 summis
485 2969 587 3046 opibus
606 2978 809 3044 pugnaverant.
851 2966 896 3024 Ex
909 2966 944 3022 iis
957 2963 1098 3040 Eporedo-

110 3045 165 3114 rix,
181 3047 300 3123 cognito
314 3047 436 3104 Litavici
449 3048 579 3116 consilio,
593 3045 688 3103 medii
702 3043 762 3103 ferd
782 3056 866 3102 nocte
879 3063 940 3102 rem
954 3044 990 3102 ad
1004 3042 1099 3101 Goesa-

109 3143 171 3182 rem
182 3125 295 3195 defert3
316 3136 387 3194 orat,
401 3125 465 3183 ‘Ne
478 3127 602 3201 patiatur
612 3124 757 3182 civitatem
769 3123 863 3200 pravis
877 3121 1098 3182 adolescentium
1114 3125 1148 3178 35
1172 3187 1173 3196 ¹

110 3202 241 3262 consiliis
255 3197 291 3262 ab
314 3204 440 3264 amicitiai
454 3203 556 3280 Populi
576 3203 704 3261 Romani
717 3203 857 3272 deficere3
878 3201 952 3277 quod
974 3200 1098 3257 futurum

108 3281 269 3358 provideat,
280 3282 304 3339 si
317 3301 349 3340 se
360 3292 401 3340 tot
414 3282 561 3340 bominum
575 3283 665 3340 millia
675 3301 741 3339 cum
752 3281 880 3339 hostibus
890 3276 1097 3352 conjunxerint,

108 3377 232 3434 quorum
245 3361 366 3418 sulutem
380 3379 473 3436 neque
492 3360 643 3438 propinqui
657 3361 813 3436 negligere,
827 3375 919 3433 neque
932 3353 1032 3412 civitas
1044 3354 1099 3413 levi

108 3449 258 3516 momenti)
271 3439 412 3496 estimare
425 3439 539 3515 posset!
977 3497 990 3508 q

150 3515 216 3574 XL.
258 3515 369 3593 Magni
384 3517 502 3575 affectus
516 3513 706 3576 sollicitudine
717 3517 772 3574 hoe
785 3512 892 3570 nuncio
905 3511 1012 3582 Cesar,
1023 3514 1099 3590 qubd
1114 3519 1149 3572 40

107 3611 224 3669 semper
245 3593 407 3652 AEduorum
428 3595 536 3653 civitati
556 3593 700 3672 precipue
725 3591 890 3658 indulserat,
913 3590 993 3651 nulli
1013 3592 1099 3652 inter-

105 3670 205 3750 positi
223 3672 411 3741 dubitatione,
433 3673 561 3750 legiones
581 3672 727 3749 expeditas
746 3679 865 3745 quatuor
888 3671 1098 3746 equitatumque

105 3767 228 3810 omnem
251 3752 407 3825 encaenia
430 3752 546 3810 educitt
567 3769 622 3809 nec
635 3749 688 3808 t'uit
711 3747 833 3824 spatium
846 3749 897 3806 tali
917 3760 974 3812 tem
1026 3767 1042 3804 e
1063 3745 1097 3801 ud

105 3830 311 3889 contrahenda
331 3839 436 3902 castra,
451 3828 527 3906 qudd
547 3847 594 3888 res
611 3827 704 3906 posita
724 3825 755 3884 in
776 3827 922 3886 celeritate
942 3827 969 3884 vi
988 3825 1096 3882 ebatur.
