2564 4422
194 366 237 435 ω
561 353 611 418 n's
626 351 744 416 buono
760 353 920 416 oamco
999 373 1004 380 ·

244 519 318 577 mut,
356 505 462 588 hyeme
500 519 586 570 naves
628 505 824 578 aedificandus,
857 517 1024 585 veteresque
1063 508 1231 570 reficiendus

242 600 388 650 curarent
430 591 538 650 Earum
553 588 668 646 modum
682 587 858 665 formamque
872 589 1055 647 demonstrat.
1098 589 1149 646 Ad
1165 591 1231 649 cele·

241 665 360 727 ritatem
385 669 525 730 onerandi
554 667 813 744 subductionesque
841 667 928 745 paulo
960 667 1031 726 facit
1057 667 1229 738 humiliores,

242 745 331 823 qulm
352 749 456 828 quibus
475 749 505 806 in
525 756 620 804 nostro
640 746 713 804 mari
733 745 776 805 uti
789 747 1009 817 consuevimus3
1042 754 1126 821 atque
1147 747 1179 805 id
1201 748 1230 806 eb

216 825 350 906 bmagls,
372 827 579 906 quodpropter
602 825 718 902 crebras
739 827 976 906 commutationes
997 833 1119 883 mstuum
1131 826 1231 885 ,minin

244 925 369 988 magnos,
387 907 426 964 ibi
439 903 542 962 linctus
560 903 622 963 fieri
636 913 826 982 cognoverat:
849 906 885 963 ad
898 923 987 964 onera
1007 903 1087 962 etad
1109 905 1231 964 multita-

246 985 344 1045 dinem
372 985 564 1062 jumeutorum
597 985 845 1062 transportandam
870 982 956 1061 pauld
989 982 1115 1061 latiores,
1150 984 1230 1059 quain

244 1065 347 1139 quibus
373 1063 402 1118 in
428 1059 544 1138 reliquis
565 1063 672 1122 utimur
695 1064 830 1121 maribus.
871 1061 945 1134 ‚Hos
969 1079 1070 1120 omnes
1093 1064 1230 1122 actuarias

244 1141 363 1216 imperat
378 1139 459 1210 lieri3
480 1159 566 1216 qnam
581 1143 617 1199 ad
637 1159 698 1200 rem
712 1141 833 1199 multrim
847 1140 993 1199 humilitas
1014 1140 1137 1216 adjuvat.
1180 1141 1228 1209 Ea,

199 1223 306 1294 loque
329 1230 396 1278 sunt
422 1219 486 1276 usui
510 1221 548 1277 ad
571 1221 723 1280 armandas
746 1239 842 1292 naves,
866 1239 909 1277 ex·
927 1217 1070 1296 Hispanii
1091 1222 1229 1296 apportari

241 1298 332 1376 jubet.
373 1297 448 1374 Ipse,
466 1299 655 1357 conuentibus
675 1299 777 1357 Galliae
790 1298 930 1356 citerioris
950 1298 1084 1374 peractis,
1099 1298 1130 1356 iu
1143 1299 1230 1374 Illyri·

245 1395 312 1435 cum
325 1377 522 1453 proficiscitur,
537 1377 614 1454 qnod
628 1397 646 1436 a
658 1377 778 1436 Pirustis
791 1377 942 1435 linitimam
955 1388 1066 1452 partem
1079 1378 1229 1454 provincIa

244 1454 455 1514 incursionibus
464 1457 569 1515 vastari
583 1456 726 1515 audiebat.
768 1455 813 1514 Eo
826 1475 914 1531 quum
924 1455 1059 1523 venisset,
1071 1456 1230 1514 civitatibus

242 1531 348 1590 milites
368 1533 499 1612 imperat,
514 1547 680 1613 certumque
700 1535 730 1593 in
750 1536 846 1594 locum
859 1533 1014 1606 convenire
1031 1535 1122 1612 jubet.
1163 1535 1230 1598 Qui

198 1617 273 1672 15re
293 1613 443 1681 nunciati,
467 1613 587 1674 Pirustae
608 1615 717 1692 legatos
741 1614 861 1672 adeum
881 1613 1009 1682 mittunt,
1030 1613 1079 1688 qui
1098 1614 1228 1682 doceant,

244 1687 346 1748 ‘Nihil
360 1710 459 1750 earum
473 1713 568 1752 rerum
587 1695 703 1772 publico
716 1695 824 1753 sactum
838 1693 967 1761 consilio,
981 1711 1100 1768 seseque
1141 1703 1230 1752 aratos

243 1771 319 1828 esse’
335 1771 531 1832 demonstrant
545 1773 697 1832 ‘omnibus
707 1773 865 1832 rationibus
878 1773 915 1830 de
925 1771 1037 1849 injuriis
1048 1712 1228 1830 satistiicere.¹

244 1848 375 1926 Accepti
395 1852 523 1911 oratione
540 1872 648 1921 eorum,
668 1853 766 1911 Caesar
785 1851 900 1910 obsides
920 1850 1049 1928 imperat,
1070 1869 1176 1925 eosque
1197 1852 1230 1909 ad

244 1940 352 1987 certam
365 1929 442 1987 diam
459 1933 564 1989 adduci
575 1933 672 2009 jubet:
694 1930 750 1990 nisi
764 1931 804 1988 ita
823 1929 954 1998 fecerint,
969 1947 1032 1987 sese
1045 1927 1122 1986 bello
1134 1927 1232 2004 civita·

200 2010 302 2069 auten
324 2021 540 2086 persecuturum
564 2012 746 2068 demonstrat.
798 2009 854 2066 His
876 2009 912 2066 ad
935 2007 1012 2066 diem
1034 2007 1179 2076 adductis,
1203 2020 1232 2068 ut

245 2087 440 2164 imperaverat,
456 2088 575 2147 arbitros
595 2089 668 2146 inter
688 2087 818 2145 civitates
838 2089 896 2155 dat,
910 2087 960 2163 qui
979 2086 1060 2168 litem
1081 2087 1230 2156 aestiment,

243 2185 414 2244 poenamque
428 2169 609 2246 constituant.

238 2261 245 2266 ·
281 2241 322 2301 II.
365 2247 421 2306 His
439 2247 577 2307 confectis
597 2247 692 2313 rebus,
706 2244 949 2320 conventibusque
968 2242 1103 2318 peractis,
1120 2244 1151 2302 in
1165 2245 1232 2303 cite·

216 2319 224 2330 '
242 2321 345 2382 riorem
359 2325 483 2385 Galliam
497 2326 654 2394 revertitur,
670 2335 752 2400 atque
766 2323 834 2382 inde
855 2324 891 2381 ad
905 2320 1062 2380 exercitum
1076 2323 1232 2398 proficisci·

197 2405 295 2460 25t11r·
338 2403 384 2463 Εὸ
397 2426 485 2482 quum
499 2405 632 2478 venisset,
646 2403 774 2462 circuitis
787 2403 919 2462 omnibus
932 2399 1078 2476 hybernis,
1085 2401 1231 2492 ‚singulari

224 2547 227 2560 Ι
242 2481 365 2541 militum
379 2485 483 2553 studio,
498 2485 528 2544 in
547 2485 658 2543 summit
671 2482 799 2542 omnium
812 2499 907 2540 rernm
927 2479 1034 2560 inopii,
1048 2479 1163 2538 circiter
1178 2481 1232 2538 Dc

242 2560 304 2636 ejus
323 2565 448 2638 generis,
470 2566 553 2642 cujus
574 2563 659 2642 supri
679 2561 944 2629 demonstravimus,
965 2565 1062 2628 naves,
1083 2569 1113 2616 et
1129 2559 1232 2636 longas

243 2639 383 2698 XXVIII
397 2642 507 2703 invenit
520 2645 791 2718 instructas-neque
804 2639 926 2700 multirnt
941 2639 1040 2697 abesse
1054 2637 1090 2696 ab
1104 2657 1148 2706 eo,
1162 2639 1231 2715 quin

243 2719 342 2796 paucis
353 2721 455 2780 diebus
466 2724 571 2782 deduci
584 2734 714 2799 possent..
750 2719 926 2779 Collaudatis
939 2717 1086 2783 militibus,
1102 2727 1186 2792 atque
1198 2717 1231 2774 iis

199 2798 235 2855 30
243 2798 291 2872 qui
304 2799 419 2876 negotio
439 2803 621 2877 praefuerant,
635 2801 704 2876 quid
717 2799 779 2856 fieri
799 2798 866 2854 velit
879 2796 1013 2863 ostendit,
1036 2807 1119 2871 atque
1132 2815 1231 2854 omnes

243 2877 279 2932 ad
293 2889 405 2954 portum
424 2879 512 2940 Itium
532 2873 686 2938 convenire
696 2877 787 2954 jubet,
802 2895 858 2952 quc
878 2895 915 2934 cu
933 2886 1018 2952 portu
1037 2875 1232 2932 commodissi-

241 2973 321 3014 mum
347 2958 378 3016 in
402 2958 581 3017 Britanniam
601 2956 798 3016 transmissum
821 2975 884 3012 esse
911 2965 1092 3032 cognoverat,
1113 2953 1232 3014 circiter

242 3035 363 3094 millium
386 3056 520 3114 passuum
533 3036 637 3096 'XXX
658 3056 675 3110 a
695 3034 862 3095 contiuenti.
904 3034 984 3091 Huic
1004 3033 1046 3091 rei
1066 3033 1141 3108 quod
1162 3031 1239 3092 satis

242 3132 304 3170 esse
319 3115 410 3174 risum
423 3126 466 3173 est
476 3115 608 3186 militum,
620 3115 749 3192 reliquit:
770 3115 831 3192 ipse
842 3133 908 3171 cum
919 3112 1080 3190 legionibus
1090 3112 1239 3187 expeditis

199 3190 296 3260 aslv,
324 3204 353 3251 et
375 3193 518 3270 equitibus
542 3195 651 3252 Dcoc
675 3194 705 3251 in
728 3193 800 3251 lines
822 3192 1006 3251 Trevirorum
1031 3123 1265 3268 proficiscitur,i

243 3269 320 3347 qnod
334 3273 364 3330 hi
377 3275 517 3349 nequead
531 3274 654 3331 concilia
667 3272 830 3339 veniebant,
844 3290 939 3346 neque
953 3270 1071 3346 imperio
1080 3270 1237 3345 parebant,

243 3351 457 3429 Germanosque
471 3352 711 3411 Transrhenanos
726 3350 879 3408 sollicitare
893 3350 1070 3408 dicebantur.

283 3430 341 3489 111.
384 3433 457 3490 IIaec
476 3431 575 3490 ciuitas
595 3430 680 3508 longe
702 3427 856 3507 plurimum
877 3429 963 3487 totius
983 3425 1083 3486 Gallie
1101 3426 1235 3500 equitatu

224 3507 327 3576 svalet,
356 3531 528 3588 magnasque
556 3511 643 3568 habet
672 3509 769 3586 copias
800 3508 938 3586 peditum,
967 3505 1173 3578 Rhenumque,
1202 3518 1235 3565 nt

198 3585 328 3659 lOsupri
349 3591 612 3657 demonstravimus,
626 3589 727 3666 tangit.
769 3587 804 3646 In
823 3588 858 3646 eti
871 3586 984 3644 civitate
998 3583 1055 3640 dno
1074 3581 1110 3639 de
1124 3584 1232 3660 princi-

186 3669 211 3690 ‘·
241 3674 310 3740 patu
331 3665 407 3724 inter
421 3690 452 3727 se
468 3669 688 3737 contendebant,
703 3667 915 3727 Indutiomarus
935 3673 964 3720 et
983 3661 1173 3739 Cingetorirt:
1194 3681 1230 3719 ex

242 3741 344 3818 quibus
366 3745 446 3814 alter,
472 3749 555 3807 simul
578 3759 659 3824 atque
683 3749 720 3805 de
741 3745 864 3806 Caesaris
883 3742 1084 3818 legionumque
1104 3743 1229 3799 adventu

201 3835 208 3842 ·
243 3821 389 3898 cognitum
409 3836 462 3894 est,
488 3829 525 3885 ad
548 3847 614 3886 eum
640 3826 734 3896 venit3
766 3845 797 3883 se
820 3831 940 3896 suosque
961 3841 1061 3880 omnes
1085 3821 1115 3878 ln
1135 3818 1229 3878 officio

244 3901 359 3971 futuros,
380 3921 473 3980 neque
494 3907 532 3962 ab
553 3905 678 3965 amicitii
699 3903 800 3981 Populi
821 3901 947 3960 Romani
968 3901 1138 3968 defecturos,
1161 3917 1230 3956 con-

274 4027 298 4050 ,ι
346 4021 370 4058 gt
