2564 4422
364 387 368 392 -
446 357 738 423 erensoururus.
1094 375 1134 434 ῃ

95 503 280 568 omnnem
294 503 423 580 spoeptis
435 504 489 562 sub
508 503 608 580 Populi
621 503 749 562 Romi
764 504 801 562 im
839 505 913 564 rium
926 507 1082 579 rodentem,

95 586 243 662 superiore
264 583 357 660 glorie
382 580 423 640 rei
446 581 575 650 militsris
594 582 756 640 exstincti)
830 585 963 654 ostremb,
989 587 1083 651 ‘Quis

96 663 222 724 booribi
241 661 437 738 persuaderet.
449 660 513 725 siue
533 660 612 726 sorti
631 679 662 720 re
676 660 874 736 Ambiorigem
895 664 931 721 ed
943 665 1082 740 ejusmodi

95 741 250 802 eonsilium
283 739 494 808 despondisset
545 739 635 804 Suam
668 739 839 806 sententiam
872 741 902 798 in
935 753 1083 820 utramque

95 831 207 896 putem
220 837 284 900 esse
302 828 413 882 tutam:
434 817 459 877 si
471 815 512 894 pil
525 816 563 875 sit
582 815 690 883 durius,
705 817 783 882 nullo
801 817 930 894 periculo
943 821 1084 896 adproxi·
1109 821 1152 887 5'

94 917 174 960 mam
194 897 338 973 legionem
357 905 558 972 perventum
579 894 603 952 si
616 895 711 959 Gallia
729 895 823 954 omnis
845 915 912 954 oum
932 900 1084 958 Germanis

94 976 271 1043 eonsentiat,
289 993 376 1036 nuum
396 991 459 1038 esse
472 972 503 1036 in
523 972 669 1039 eeleritate
688 973 808 1048 positam
822 975 951 1034 salutem.
991 977 1084 1036 corte

93 1055 227 1130 quidem,
262 1063 345 1128 etqqe
380 1069 476 1116 eornm
506 1051 557 1125 qui
589 1051 772 1110 dissentirent
805 1054 965 1122 eonsilium,
998 1075 1084 1130 quem

95 1131 363 1210 hsseretexitumi
403 1129 505 1204 loquo
518 1128 543 1186 si
563 1149 620 1186 non
634 1147 759 1204 praesens
778 1131 946 1206 perieulum,
962 1144 990 1191 st
1003 1131 1082 1194 oertd
1121 1149 1127 1163 ·

94 1210 260 1285 longinque
272 1209 418 1270 obsidione
432 1209 520 1266 firmes
533 1218 608 1266 esset
620 1207 866 1283 pertimesoendn'
1093 1225 1126 1278 10

138 1288 243 1346 XXX.
285 1285 352 1344 Hro
365 1285 394 1344 in
402 1296 665 1361 utramquepartem
676 1285 867 1362 disputatione
877 1289 983 1358 habits,
995 1309 1082 1365 quum

22 1391 23 1394 ¹
94 1387 115 1426 s
136 1365 235 1433 Cotti,
247 1365 402 1440 primisque
422 1363 580 1431 ordinibus,
595 1365 697 1422 aeriter
719 1365 906 1434 resisteretur,
929 1369 1081 1437 ‘Vincite'

96 1445 199 1520 inquit,
220 1445 262 1504 ‘si
276 1443 316 1504 its
336 1443 438 1510 ruitis,’
453 1442 598 1511 Sabinum
618 1454 648 1498 st
664 1443 693 1500 id
706 1437 826 1502 'elatiore
839 1464 918 1514 rone,
933 1457 965 1504 ut
977 1465 1083 1524 magne

95 1542 165 1598 pers
178 1523 299 1582 militum
312 1521 479 1580 exaudiret:
502 1520 621 1594 ‘Neque
642 1521 666 1578 is
679 1524 761 1590 sum,’
775 1522 876 1598 inquit,
892 1525 958 1600 ‘qui
976 1526 1083 1602 gravis-

96 1599 174 1660 sime
188 1619 225 1660 ex
238 1601 315 1658 vobis
327 1599 425 1658 mortis
435 1599 561 1674 periculo
574 1609 696 1658 terrear:
718 1599 748 1656 hi
758 1601 878 1676 sapient,
892 1613 922 1660 et
931 1605 955 1660 si
968 1605 1082 1679 grsvius
1092 1617 1125 1670 15

95 1679 170 1754 quid
185 1678 329 1746 desiderit,
340 1679 388 1736 abs
399 1689 428 1735 te
438 1677 578 1736 rationein
590 1688 740 1752 reposcent
749 1698 759 1746 ι,
775 1679 834 1752 qui,
848 1679 872 1735 si
885 1692 974 1754 perte
986 1681 1080 1749 lieeot,

95 1757 259 1832 perendino
278 1757 324 1814 die
340 1775 406 1814 oum
425 1756 561 1832 proximis
574 1756 709 1830 hybernis
729 1756 885 1831 conjuncti,
900 1775 1081 1816 communem

94 1855 166 1894 num
187 1835 301 1910 reliquis
322 1835 508 1894 bellicosum
529 1834 697 1900 sustineant,
719 1853 773 1890 nee
795 1833 893 1908 rejeoti
914 1845 943 1891 et
963 1835 1082 1911 relegati

94 1911 184 1988 iongd
197 1913 233 1970 ab
246 1914 356 1970 oaeteris
370 1924 419 1970 eut
433 1913 506 1971 ferro
520 1923 569 1969 aut
582 1913 657 1969 fame
672 1912 832 1974 intereant'
958 1915 960 1920 ’

136 1990 254 2050 XXXI.
296 1991 484 2067 Consurgitur
504 2011 541 2056 ex
553 1990 672 2048 oonsilio
682 2010 690 2060 ;
711 1988 955 2066 comprehendunt
974 2001 1125 2060 utrum-20

92 2089 151 2144 que
177 2081 207 2127 et
231 2081 324 2137 orant,
352 2069 420 2126 ‘Ne
445 2071 498 2129 ms
522 2069 700 2128 dissensione
725 2079 755 2126 et
779 2069 938 2145 pertinacis
963 2089 1024 2130 rem
1037 2070 1080 2128 in

95 2167 240 2206 summum
260 2148 419 2225 periordum
438 2149 599 2206 deducant:
620 2148 733 2206 fsoilem
751 2167 813 2205 esse
834 2165 904 2216 remt
919 2163 1081 2208 seu'msne·

97 2235 156 2293 ant,
183 2246 234 2284 seu
257 2225 483 2303 proii'eisesntur,
508 2227 532 2284 si
555 2225 640 2286 modo
664 2245 753 2286 unnrn
775 2247 875 2286 omnes
890 2229 1024 2288 'sentiunt
1046 2231 1081 2288 'ao

96 2308 234 2380 probent;
256 2304 357 2366 oontrd
370 2305 401 2364 in
411 2305 588 2364 dissensione
601 2305 709 2364 nullam
723 2325 753 2362 se
767 2306 886 2364 salntem
900 2307 1079 2384 perspicere!

97 2383 160 2441 Res
182 2381 375 2460 disputatione
398 2384 434 2441 ad
454 2382 579 2442 medinm
599 2394 712 2442 noctem
732 2384 905 2460 perducitur.
947 2385 1126 2448 'Pandemos

96 2463 146 2536 dat
159 2462 245 2522 Cotta
265 2472 408 2538 permotus
426 2481 543 2532 manus3
565 2473 680 2538 superat
700 2461 842 2520 sententia
862 2462 972 2519 Sabini.
1013 2464 1081 2522 Pro·

50 2557 52 2562 ’
96 2541 261 2608 nunciatur,
274 2541 367 2617 primi
380 2541 445 2597 lues
459 2540 560 2598 ituros:
581 2541 758 2598 eonsumitur
772 2538 875 2614 vigiliis
894 2540 1003 2614 reliqua
1015 2561 1080 2615 pars
1108 2563 1111 2567 ·

96 2619 201 2686 no'ntis,
215 2637 301 2694 quum
323 2638 377 2676 sua
395 2617 513 2694 quisque
536 2619 618 2677 miles
638 2617 880 2692 circumspioeret,
894 2617 961 2691 quid
981 2637 1080 2698 seorqn

92 2709 209 2772 portare
221 2710 326 2774 posset,
337 2697 405 2773 qnid
415 2715 451 2754 ex
464 2697 651 2756 instrumento
662 2696 852 2772 hybernorum
863 2695 1020 2769 relinquere
1034 2713 1081 2754 oo·

94 2787 220 2852 geretur.
236 2774 656 2852 Omnioexoogitentur,quare
675 2794 731 2832 nee
744 2773 806 2832 sine
819 2772 945 2850 periculo
963 2782 1125 2836 menes-³0

94 2864 150 2921 tur,
183 2865 214 2911 et
246 2855 383 2930 languore
410 2854 531 2914 militum
564 2864 593 2912 et
619 2852 723 2930 vigiliis
748 2853 1079 2930 perieulum‘eugeatur.

97 2931 192 2990 Primo
219 2933 286 2990 lune
313 2933 355 2989 sie
377 2951 414 2989 ex
439 2933 540 2990 castris
565 2932 792 3008 proficiscuntur,
815 2927 857 3003 ut,
878 2931 981 3006 quibus
1006 2943 1081 2990 esset

96 3028 274 3085 pemnmnm,
286 3031 344 3070 non
356 3012 391 3069 ab
399 3011 489 3079 hoste,
504 3011 554 3069 sed
563 3010 723 3069 abhomine
732 3009 904 3068 eminissimo
912 3010 1079 3086 Ambiorige

96 3091 248 3162 eonsilium
278 3091 387 3174 datum,
413 3089 579 3166 longissimo
604 3089 722 3165 agmine¹
745 3088 930 3163 maximisque
964 3088 1098 3166 impedi.

96 3169 209 3227 mentis.
1090 3176 1125 3231 35

136 3246 271 3306 XXXII.
314 3247 354 3304 At
381 3247 485 3316 hostes,
512 3259 695 3324 posteaquem
725 3265 761 3304 ex
792 3257 932 3306 nocturno
967 3245 1080 3302 fremitu

96 3325 257 3402 vigiliisque
270 3326 307 3382 de
320 3325 493 3402 profeotione
506 3345 604 3386 eorum
624 3336 784 3394 senserunt,
805 3323 950 3383 collocetis
970 3320 1080 3378 insidiis

96 3403 230 3479 bipertito
250 3404 283 3465 in
303 3405 388 3480 sylvis
409 3414 575 3482 ⁴opportuno
595 3413 679 3480 etque
698 3403 812 3462 occulto
831 3402 936 3468 looo,e
956 3398 1080 3456 millibus
1111 3481 1112 3484 Ἴ

93 3500 231 3558 passuum
255 3481 371 3542 oiroitm
393 3483 515 3550 duobus,
538 3481 736 3544 Romanorum
760 3481 912 3538 adrentum
935 3490 1081 3554 exspectn-

92 3561 185 3618 bnnt:
203 3571 242 3630 et,
255 3580 345 3638 quum
358 3583 389 3622 se
406 3562 498 3638 major
510 3579 575 3638 pars
583 3597 586 3610 ·
595 3561 718 3638 agminis
731 3561 761 3618 in
774 3573 910 3634 magnum
922 3557 1080 3616 convallem
1090 3567 1124 3627 to

94 3638 267 3709 dammare,
280 3660 317 3700 ex
330 3642 455 3716 utrique
468 3650 548 3717 perte
559 3640 623 3716 ejus
636 3639 716 3705 sellis
727 3632 823 3698 subito
842 3652 874 3692 se
886 3636 1080 3704 ostenderunt,

94 3715 320 3796 mvissirnosque
339 3729 522 3797 premere,·ot
575 3719 581 3730 '
639 3715 808 3806 probibere
827 3713 978 3783 sdsosnsn,
997 3726 1081 3789 etque

87 3794 470 3872 hiquisinonosrislooo
551 3797 969 3874 'meommrtterecoepemnt
1060 3867 1066 3878 ι

137 3871 288 3935 mm.
323 3877 539 3939 ›sumdsnmm
557 3873 698 3956 Titurius,
712 3872 806 3950 utqui
818 3872 889 3936 nihil
911 3869 978 3952 sutri
990 3885 1080 3948 prorr-
