2564 4422
157 315 197 383 uu
505 312 868 375 summouentem

207 462 323 554 quibem
350 461 554 532 antummum
584 461 772 538 omnibusque
798 459 888 518 annis
919 457 956 518 ile
977 459 1045 519 loco
1067 461 1192 522 sume

100 545 106 554 '
207 533 397 598 multatibus
410 539 630 598 contendebant.
672 539 718 598 Ex
735 539 772 596 iis
784 535 986 614 Pulthquum
1000 539 1192 608 acerrimbttd

167 629 171 640 ’
206 617 380 682 munitiones
390 629 574 696 pugnaretur,
588 618 687 680 ‘Quid
700 617 834 685 dubitas,’
850 619 951 693 inquit,
966 615 1122 676 ‘Varenet
1141 631 1192 678 ant

207 713 292 772 quem
311 697 407 755 locum
418 698 572 773 ‘probandae
585 697 695 754 virtutis
715 706 771 754 tute
785 697 918 772 spectaui
939 696 997 764 hieu
1018 697 1066 753 hic
1079 697 1143 754 dies
1154 699 1191 756 de

174 775 192 831 b
208 775 311 832 nostris
331 775 527 834 controversiis
537 775 696 850 judicabit.¹
738 773 812 832 lraee
825 790 912 852 quum
922 775 1192 850 distemperanda

108 865 125 900 θ
207 864 288 911 extra
313 854 495 924 munitiones,
521 854 633 928 quique
659 846 725 930 pars
751 854 874 912 hostium
897 853 1106 911 confertissima
1132 855 1191 912 visu

208 942 261 1000 est,
283 933 313 988 in
333 951 397 990 eam
418 931 556 1006 irrumpit
605 931 652 988 Ne
667 933 799 989 Varenus
818 932 934 1008 quidem
953 942 1014 988 tunt
1034 931 1110 990 valio
1130 948 1191 992 sese

189 1012 345 1077 continet,
372 1009 422 1066 sed
447 1009 577 1067 omnium
600 1011 706 1068 veritus
737 1010 975 1068 existimationem
1001 1010 1189 1085 subsequitur.

209 1087 349 1146 Mediocri
373 1088 463 1164 sputio
483 1089 592 1156 relicto,
614 1090 705 1147 Pullio
725 1089 813 1163 pilum
828 1088 857 1144 in
878 1089 973 1146 hostes
993 1087 1090 1156 mittit,
1109 1099 1190 1166 attpre

159 1168 193 1222 1⁰
209 1183 298 1222 unum
319 1185 354 1224 ex
374 1166 555 1225 multitudine
575 1177 787 1242 procunentem
809 1167 958 1242 transjicit,
978 1185 1034 1241 quo
1057 1183 1191 1242 percussu

208 1255 237 1302 et
250 1246 421 1312 exanimato,
436 1247 514 1304 hunc
529 1245 618 1302 scutis
630 1254 782 1318 protegunt
802 1244 907 1312 hostes,
923 1245 953 1302 in
974 1244 1054 1300 illum
1066 1246 1190 1304 universi

208 1323 265 1380 tela
285 1323 451 1398 conjiciunt,
466 1341 557 1396 neque
579 1323 648 1377 dant
668 1321 849 1396 regrediendi
870 1323 1042 1380 facultatem.
1085 1325 1192 1382 'I'rsm-

208 1401 305 1475 figitur
337 1411 448 1456 scutum
482 1397 613 1465 Pulfioni
648 1410 677 1455 et
710 1409 839 1456 verutum
865 1399 896 1456 in
922 1401 1018 1458 balteo
1048 1402 1189 1478 defigitur.

208 1478 320 1534 Avertit
353 1477 400 1533 liic
433 1495 517 1534 casus
543 1476 686 1552 vaginam,
716 1487 746 1534 et
771 1477 899 1553 gladium
925 1480 1049 1536 educere
1076 1483 1190 1540 conanti

160 1558 192 1610 15
208 1555 335 1612 dextram
359 1564 484 1611 moratur
505 1573 641 1612 manum:
663 1555 830 1631 impeditum
851 1556 946 1614 hostes
969 1557 1190 1618 circumsistunt.

209 1633 356 1690 Succurrit
377 1633 511 1690 inimicus
534 1634 575 1691 illi
589 1634 730 1701 Varenus,
752 1644 780 1691 et
801 1635 941 1693 laboranti
961 1636 1117 1698 subvenisti
1146 1640 1190 1698 Ad

209 1711 286 1769 hunc
313 1731 343 1769 se
369 1713 520 1770 confestim
547 1732 563 1769 a
588 1712 718 1770 Pullione
744 1713 837 1771 omnis
862 1714 1014 1772 multitudo
1036 1718 1191 1788 convertit3

210 1790 287 1848 illum
303 1801 402 1848 veruto
414 1792 581 1848 transfixum
602 1791 781 1848 arbit-rantur.
822 1791 965 1850 Occursat
983 1791 1066 1852 ocius
1086 1796 1191 1871 gladic,

209 1869 393 1944 cominusque
408 1889 467 1927 rern
481 1870 554 1946 gerit
564 1871 705 1942 Varenus,
720 1881 814 1945 atque,
826 1887 884 1928 uno
897 1871 1056 1940 interiecto,
1070 1875 1193 1950 reliquos

159 1949 194 2006 w
208 1945 325 2023 paulum
346 1949 491 2026 propellit:
522 1950 590 2004 dum
614 1947 747 2024 cupidids
771 1949 866 2016 instat,
893 1949 923 2006 in
947 1950 1041 2007 locum
1055 1951 1193 2028 *dejectus

209 2026 370 2085 inferiorem
385 2027 518 2084 concidit.
561 2027 639 2083 Huic
652 2045 749 2083 rursus
759 2028 954 2084 circumvento
967 2029 1021 2085 fert
1033 2031 1192 2088 subsidium

209 2103 310 2169 Pallio,
325 2115 408 2178 utque
423 2106 506 2162 ambo
519 2105 685 2171 incolumes,
698 2105 890 2180 compluribus
904 2106 1070 2174 intersectis,
1082 2109 1194 2167 stimmt

209 2199 274 2236 cum
291 2181 455 2255 laudesese
468 2182 542 2240 intra
555 2182 728 2239 munitiones
751 2184 902 2259 recipiunt.
954 2185 1004 2240 Sic
1027 2185 1141 2244 fortuna
1164 2188 1193 2245 in

209 2257 390 2314 contentione
411 2270 440 2314 et
463 2259 617 2316 certamine
639 2271 789 2336 utrumque
811 2262 940 2330 versavit,
965 2273 996 2320 ut
1013 2264 1088 2322 alter
1114 2266 1194 2324 alteri

159 2338 194 2392 25
209 2334 343 2392 inimicus
364 2337 468 2394 auxilio
482 2337 620 2413 salutique
635 2350 719 2408 esset,
734 2360 825 2416 neque
840 2341 991 2416 dijudicari
1011 2354 1117 2418 posset,
1131 2356 1194 2404 uter

208 2413 264 2471 utri
277 2413 378 2471 virtute
400 2417 599 2473 anteferendus
613 2417 763 2476 videretur.

151 2553 174 2563 ..
247 2491 340 2552 XLV.
380 2494 501 2555 Quanto
513 2506 574 2553 erat
588 2496 617 2553 in
638 2497 700 2554 dies
710 2499 824 2576 gravior
839 2509 922 2573 atque
943 2501 1067 2576 asperior
1085 2521 1194 2580 oppug-

208 2571 296 2642 natio,
310 2584 339 2631 et
349 2573 473 2633 maxime
484 2573 570 2650 quaid,
586 2577 691 2652 magne
703 2586 783 2652 parte
797 2577 918 2634 militurn
929 2579 1061 2636 coniecti
1071 2581 1194 2638 vulneri-

208 2653 271 2725 bus,
284 2673 330 2710 res
341 2655 558 2729 adpaucitatem
568 2656 749 2712 defensorum
757 2667 934 2731 pervenerat,
946 2667 1025 2715 tanto
1035 2658 1195 2717 crebriores

107 2783 109 2788 .
158 2731 296 2788 astitere
322 2732 476 2805 nunciique
504 2733 539 2789 sd
570 2734 714 2790 Caesarem
740 2734 946 2792 mittebantur:
977 2753 1095 2811 quorum
1124 2750 1219 2811 pars·

208 2808 386 2882 deprehensa
409 2809 439 2865 in
463 2821 618 2885 conspectu
641 2823 800 2869 nostrorum
823 2812 945 2871 militum
972 2833 1038 2872 cum
1061 2812 1194 2874 cruciatu

208 2887 372 2944 necabatur.
414 2886 484 2946 Erat
492 2907 566 2944 unus
576 2887 653 2946 intus
663 2889 797 2957 Nervius,
807 2891 923 2950 nomine
933 2893 1060 2965 Venice,
1071 2893 1195 2952 locone-

208 2976 254 3023 tus
274 2967 402 3033 honesto,
417 2966 465 3041 qui
481 2967 601 3043 aprimri
614 2966 762 3026 obsidione
784 2970 820 3026 sd
834 2966 1006 3028 Ciceronem
1018 2973 1193 3048 perfugerat.

208 3061 343 3120 suamque
357 3045 384 3102 ei
405 3045 491 3102 fidem
503 3046 679 3121 prestiterat.
722 3047 780 3104 Hic
794 3067 874 3106 servo
893 3068 943 3126 spe
957 3050 1095 3108 libertatis
1114 3069 1196 3128 meg-

158 3125 194 3180 35
208 3122 309 3197 nisque
330 3123 482 3198 persuadet
496 3127 641 3199 premiis,
666 3136 698 3183 ut
723 3125 820 3184 literas
847 3128 883 3186 ad
906 3129 1051 3186 Caesarem
1075 3129 1193 3187 delerat.

208 3200 271 3258 Has
285 3200 332 3258 ille
353 3199 382 3258 in
398 3200 494 3277 jaculo
508 3202 630 3278 illigatas
650 3205 740 3271 effert,
755 3215 783 3262 et
803 3206 904 3264 Gallus
925 3207 998 3264 inter
1010 3207 1110 3264 Gades
1130 3207 1195 3266 sine

208 3281 266 3338 ulls
287 3279 448 3357 suspicione
469 3291 605 3352 versatus,
631 3283 666 3339 ad
685 3283 829 3340 Cesarem
850 3285 986 3360 pervenit.
1028 3286 1133 3344 Abeo
1156 3288 1196 3346 de

207 3361 341 3430 periculis
355 3359 504 3418 Ciceronis
517 3359 692 3436 legionisque
706 3363 896 3438 cogitoscitur.

248 3435 358 3495 XLVI.
399 3438 506 3506 Caesar,
535 3440 660 3514 acceptis
686 3440 774 3498 literis
801 3442 871 3499 horta
897 3440 1009 3498 circiter
1035 3439 1195 3502 undecima

159 3515 194 3570 40
209 3509 276 3578 dici,
291 3517 385 3574 stetim
399 3517 538 3575 nuncium
549 3517 579 3574 in
593 3517 759 3577 Bellovacos
773 3521 809 3578 ad
820 3519 861 3577 M.
876 3521 1010 3578 Crassum
1022 3529 1193 3591 qnaestorem

209 3587 304 3656 mittit,
323 3594 404 3668 cujus
425 3597 554 3672 hyberna
574 3597 691 3654 aberant
712 3598 748 3655 ab
768 3618 803 3656 eo
823 3598 911 3655 millia
932 3615 1067 3671 passuum
1091 3598 1191 3658 XXV.

209 3665 297 3726 Juttet
322 3671 426 3726 medii
443 3685 528 3733 nocte
551 3675 693 3751 legionem
716 3675 868 3753 proficisci,
892 3672 1076 3749 celeriterque
1101 3679 1138 3734 ad
1161 3699 1192 3736 sc

209 3745 315 3804 tenire.
356 3744 434 3804 Exiit
447 3759 514 3820 cum
530 3753 639 3812 nuncio
651 3754 781 3814 Crassus.
822 3735 953 3810 Altirum
968 3753 1003 3810 ad
1018 3754 1053 3810 C.
1068 3755 1192 3814 Fabium

209 3824 335 3904 legatum
347 3824 443 3892 mittit,
455 3839 489 3884 ut
507 3831 537 3886 in
552 3833 732 3896 Atrebatium
747 3833 818 3890 lines
830 3831 972 3906 legionem
987 3833 1122 3903 adducat,
1135 3837 1194 3912 qut
