2590 4424
315 618 319 623 ’
431 645 466 704 c.
487 643 592 704 suun
613 631 805 730 casinis

303 877 939 956 COMMENTARIORUM

364 1123 426 1180 ns
453 1096 615 1180 unitio
642 1118 869 1177 caturco

553 1335 660 1384 LIBER
676 1335 696 1383 l.

169 1483 193 1542 1.
234 1485 351 1548 Gxuurx
363 1493 408 1556 est
419 1479 514 1552 omnis
529 1478 621 1535 divisa
639 1479 669 1534 in
684 1488 779 1553 partes
799 1489 866 1545 tres,
887 1498 1005 1554 quarum
1027 1499 1114 1538 unatu

132 1561 262 1619 incolunt
276 1561 382 1636 Belgae,
400 1559 486 1617 aliam
510 1556 659 1632 Aquitani,
673 1556 795 1624 tertiam,
809 1557 858 1632 qui
878 1557 1001 1632 ipsorum
1015 1558 1115 1635 lingui

132 1640 233 1714 Oche,
247 1640 343 1696 nostri
355 1637 433 1695 Galli
452 1635 636 1712 appellantur.
679 1633 720 1690 Hi
732 1654 833 1692 omnes
846 1635 954 1711 lingula,
968 1637 1113 1708 institutis,

131 1719 244 1794 legibus
269 1717 342 1774 inter
365 1735 396 1773 se
420 1715 562 1772 differunt.
612 1713 711 1771 Gallos
735 1714 772 1771 ab
794 1713 948 1788 Aquitanis
966 1716 1115 1779 Garumna

132 1795 249 1868 flumen,
272 1815 289 1852 a
308 1795 406 1870 Belgis
427 1793 562 1850 Matrona
580 1803 609 1849 et
623 1793 758 1868 Sequana
774 1791 883 1848 dividit.
926 1790 1037 1850 Horun‘r
1056 1813 1115 1851 om-
1145 1798 1163 1850 5

131 1875 211 1932 nium
236 1873 380 1932 fortissimi
400 1883 467 1930 sunt
487 1871 594 1947 Belgae,
615 1882 766 1948 propterea
785 1867 862 1946 qubd
886 1889 904 1928 a
926 1871 1005 1928 cultu
1031 1881 1115 1948 atque

132 1953 309 2011 humanitate
329 1951 488 2009 Provinciae
508 1948 674 2026 longissime
691 1950 804 2017 absunt,
818 1949 994 2024 minimeque
1015 1951 1051 2008 ad
1067 1970 1116 2008 eos

130 2042 303 2090 mercatores
322 2029 398 2107 saepe
419 2039 592 2100 commeant,
608 2039 691 2103 atque
711 2047 756 2100 ea,
770 2047 833 2104 quae
854 2028 891 2085 ad
911 2027 1116 2086 effeminandos

132 2111 242 2170 animos
254 2109 407 2186 pertinent,
422 2108 593 2184 important:
615 2107 792 2183 proximique
812 2118 879 2164 sunt
891 2107 1053 2175 Germania,
1067 2107 1116 2183 qui

131 2200 210 2248 hans
229 2189 368 2246 Rhenum
388 2188 527 2254 incolunt,
548 2185 719 2262 quibuscum
739 2186 919 2244 continenter
943 2187 1049 2266 bellum
1069 2190 1159 2264 gelo

132 2279 218 2324 runt:
239 2270 295 2343 qui
315 2267 454 2324 decausis
475 2265 601 2322 Helvetii
624 2279 737 2340 quoque
755 2265 877 2340 reliquos
897 2265 995 2324 Gallos
1015 2266 1116 2324 virtute

132 2347 309 2423 precedunt,
323 2344 400 2420 qubd
421 2342 480 2402 fere
494 2343 667 2419 quotidianis
680 2344 784 2420 praeliis
804 2363 871 2400 cum
884 2345 1037 2402 Germanis
1050 2363 1117 2402 con·

132 2423 265 2494 tendunt,
289 2443 376 2498 quum
401 2433 449 2480 aut
473 2423 533 2478 suis
553 2421 659 2479 finibus
679 2442 729 2480 eos
751 2422 912 2499 prohibent,
941 2433 989 2480 aut
1009 2423 1063 2500 ipsi
1087 2422 1116 2480 in

134 2519 235 2560 eorum
249 2500 356 2557 finibus
369 2499 475 2558 bellum
489 2511 599 2574 gerunt.
641 2501 748 2558 Eorum
762 2521 907 2577 unapars,
921 2521 1006 2576 quam
1019 2500 1118 2560 Gallos

133 2580 264 2638 obtinere
278 2579 387 2637 dictum
408 2587 461 2650 est,
475 2577 589 2634 initium
603 2578 679 2655 capit
700 2579 846 2636 aflumine
867 2580 1011 2638 Rhodano
1023 2600 1030 2649 3
1051 2600 1118 2638 con·
1128 2583 1162 2635 15

131 2659 239 2730 tinetur
259 2658 408 2716 Garumna
428 2656 556 2724 flumine,
574 2654 704 2727 Oceano,
718 2657 822 2715 linibus
843 2659 1014 2735 Belgarum;
1036 2660 1119 2716 attin·

132 2737 175 2814 git
187 2737 280 2794 etiam
298 2738 334 2794 ab
355 2735 497 2812 Sequanis
509 2745 539 2792 et
563 2735 703 2792 Helvetiis
716 2735 823 2794 flumen
843 2737 1000 2808 Rhenum3
1030 2739 1119 2814 vergit
1158 2781 1163 2790 .

134 2817 170 2874 ad
181 2816 395 2891 septentriones.
436 2815 533 2890 Belgae
547 2814 584 2871 ab
597 2813 731 2871 extremis
741 2816 843 2872 Galliae
856 2815 960 2874 finibus
972 2817 1117 2885 oriuntur;

133 2896 277 2970 pertinent
291 2895 327 2950 ad
349 2893 511 2951 inferiorem
528 2904 638 2968 partem
652 2893 778 2950 fluminis
799 2894 917 2963 Rheni;
938 2907 1068 2970 spectant
1089 2896 1119 2951 in

133 2973 350 3048 septentriones,
374 2982 404 3029 et
428 2973 568 3029 orientem
596 2971 693 3028 solem.
746 2972 903 3048 Aquitania
929 2991 947 3030 a
971 2974 1163 3032 Garumni‘tt)

133 3051 252 3108 humine
267 3050 303 3107 ad
323 3049 475 3126 Pyreneos
488 3060 600 3107 montes
615 3059 644 3106 et
657 3069 722 3106 eam
734 3062 844 3127 partem
857 3049 980 3119 Oceani,
994 3072 1057 3128 quae
1077 3063 1120 3109 cst

134 3131 170 3188 ad
191 3129 373 3210 Hispaniam,
390 3129 531 3204 pertinet3
553 3137 663 3204 spectat
682 3127 756 3186 inter
768 3149 904 3190 occasum
924 3131 998 3190 Solis
1010 3141 1040 3188 et
1060 3149 1120 3206 sep-

134 3209 300 3267 tentriones.

173 3287 213 3346 Il.
256 3287 342 3363 Apud
364 3285 511 3344 Helvetios
530 3283 617 3361 louge
631 3285 825 3344 nobilissimus
845 3298 874 3345 et
891 3275 1047 3344 ditissimus
1069 3286 1121 3344 suit
1255 3329 1261 3334 .

133 3365 296 3442 Orgetorix.
337 3362 379 3437 Is,
394 3363 434 3421 M.
454 3363 580 3421 Messali
593 3373 623 3422 et
635 3363 677 3421 M.
692 3366 796 3423 Pisone
810 3365 903 3436 Coss,
916 3364 999 3440 regni
1013 3365 1121 3443 cupidi·
1130 3377 1164 3432 25

135 3451 192 3500 tate
212 3444 358 3516 inductus,
382 3441 607 3518 conjurationem
628 3444 787 3502 nobilitatis
808 3443 876 3499 fecit
895 3453 924 3499 et
939 3443 1046 3502 civitati
1060 3463 1122 3520 per·

136 3523 233 3594 strasit,
241 3533 273 3580 ut
283 3523 320 3580 de
331 3521 438 3579 linibus
450 3521 510 3578 suis
520 3539 586 3578 cum
597 3521 731 3579 omnibus
739 3521 829 3596 copiis
836 3521 947 3580 exirent
959 3542 965 3580 ε
986 3523 1121 3598 perfacile

135 3618 209 3671 esse,
222 3620 309 3676 quum
323 3601 425 3657 virtute
439 3600 572 3656 omnibus
591 3610 767 3676 prestarent,
781 3599 868 3657 totins
880 3601 982 3660 Gelliae
1003 3600 1122 3674 inperio

135 3676 228 3754 potiri.
269 3677 305 3736 Id
317 3677 374 3738 hbc
386 3676 500 3736 l'aoilihs
510 3676 553 3736 eis
562 3678 711 3753 persuasit,
720 3676 802 3754 ‘qubd
813 3679 942 3755 undique
952 3679 1008 3736 loci
1019 3680 1122 3736 natural

136 3755 262 3816 Helvetii
275 3757 476 3893 continqntur:
497 3755 556 3830 unt
569 3767 698 3833 exparte
712 3755 829 3817 flumine
849 3757 973 3827 Rhenu-
985 3754 1122 3814 latissimo
1130 3765 1165 3820 30
