2564 4422
157 353 215 414 ιω
507 303 870 402 ὀηειωοωιοο

202 491 314 552 infinito
332 491 430 550 labora
447 504 588 569 nuceptc,
608 463 708 568 quise
726 466 906 550 numana
924 489 1042 548 Cesure
1059 491 1179 568 gratian

194 571 319 630 inituros
337 581 479 647 putarent,
493 570 567 648 penti
580 581 712 628 naturam
732 571 827 628 stadio
839 569 995 636 vincerent,
1014 587 1181 646 semperque

220 645 318 706 aulum
331 651 368 706 cd
388 667 528 706 mammam
542 649 705 706 felicitatem
726 649 851 706 donuae
864 648 1015 714 videretur,
1029 657 1117 722 etque
1135 649 1179 707 illc

199 669 325 795 lubria,
339 738 388 786 aut
400 728 518 785 saltibus
536 746 568 783 se
582 727 713 802 eriperet,
734 738 763 784 et
773 736 861 783 noctu
874 725 1033 783 occultatus
1050 727 1122 784 alias
1142 745 1179 786 re·

174 812 192 876 5
199 805 300 881 giones
312 817 460 882 partesque
473 815 591 880 peteret,
605 824 663 862 non
675 805 782 880 majore
800 805 927 879 equitum
939 803 1083 878 praesidio,
1096 803 1178 881 quim

199 894 329 959 quatuor,
343 885 449 959 quibus
458 883 525 940 solis
539 883 624 940 vitam
639 901 719 957 suain
733 883 910 940 committere
923 881 1057 938 audebat.

239 961 348 1020 XLIV.
390 961 457 1018 'l'ali
478 961 562 1018 modo
581 961 697 1018 vastatis
717 961 889 1036 regionibus,
905 959 1065 1016 exercitum
1085 961 1178 1018 Cesar

197 1040 320 1173 gum
340 1039 499 1096 cohortium
512 1039 619 1097 damno
638 1039 860 1096 Durocortorum
880 1037 1039 1094 Remorum
1060 1037 1176 1104 reducit,

256 1116 376 1190 cilioquc
400 1115 430 1173 in
454 1135 521 1174 cum
543 1117 637 1175 locum
660 1117 761 1174 Gallie
784 1116 903 1182 indicto,
927 1115 962 1172 dc
985 1115 1177 1190 conjuratione

156 1194 396 1254 lOSeuonum'at
417 1195 577 1252 Carnutum
597 1194 781 1269 questionem
805 1194 911 1250 habere
932 1193 1074 1263 instituit;
1094 1205 1125 1252 et
1145 1195 1176 1252 de

199 1272 328 1339 Accone,
347 1273 395 1346 qui
416 1273 548 1348 princeps
561 1272 623 1345 ejus
643 1270 755 1327 consilii
775 1271 877 1337 fuerat,
891 1271 1020 1345 graviore
1040 1273 1177 1330 sententii

197 1349 395 1424 pronunciata,
415 1367 492 1406 more
511 1349 649 1422 majorum
670 1347 840 1422 supplicium
861 1348 989 1423 sumpsit.
1030 1348 1176 1415 Nonnulli,

151 1469 173 1492 ,⁴
195 1425 335 1498 judicium
347 1425 436 1491 veriti,
445 1425 647 1500 profugerunt:
668 1425 771 1499 quibus
783 1444 871 1499 quum
885 1427 959 1499 aqui
972 1437 1055 1500 atque
1066 1427 1131 1502 igni
1140 1429 1179 1485 in·

196 1500 367 1567 terdixitset,
379 1501 410 1558 Il
424 1501 551 1576 legiones
566 1502 682 1560 adfines
695 1501 890 1574 Trevirorum,
902 1503 934 1560 II
948 1504 978 1561 in
992 1503 1176 1580 Lingonibus,

155 1576 241 1638 15v1
254 1577 376 1652 reliquas
390 1578 420 1636 in
442 1581 590 1638 Senonum
610 1580 716 1638 linibus
730 1580 880 1656 Agendici·
896 1580 926 1638 in
944 1582 1081 1656 hybernis
1098 1584 1178 1642 collo·

197 1654 289 1794 {grin
311 1655 649 1796 fiuffianuggemim
661 1659 783 1795 ρῐοέἐίο,
794 1669 825 1716 ut
839 1658 1010 1724 instituerat.
1024 1660 1055 1720 in
1069 1661 1177 1720 Italian

247 1752 358 1794 conten
418 1755 491 1813 agen
555 1757 607 1814 pro
617 1749 699 1796 ectus
758 1784 765 1795 .

571 2013 574 2022 r

569 2059 809 2070 anau—*—

483 2282 538 2340 ou
558 2281 690 2341 annuo
709 2267 901 2352 alumno
954 2343 958 2352 ,

589 2447 702 2502 LIBER
721 2449 784 2503 VII.

131 2628 133 2634 ι
234 2597 258 2656 Ι.
299 2597 424 2660 Quicni
446 2598 552 2664 Gallia,
574 2598 681 2665 Cesar,
696 2610 728 2656 ut
748 2598 986 2666 constituentia
1008 2599 1122 2660 Italiam
1145 2603 1178 2660 ad

195 2688 353 2736 conventus
373 2677 499 2754 agendos
511 2676 709 2753 proficiscitur.
751 2676 796 2732 Ibi
810 2679 958 2752 cognoscit
971 2676 1057 2734 dc'P.
1083 2679 1180 2737 Clodii

151 2756 290 2812 mondo:
312 2756 491 2827 Senatiisque
507 2754 636 2810 consulto
650 2753 753 2810 certior
773 2755 875 2822 sactus,
890 2766 921 2813 ut
934 2773 1031 2814 omnes
1048 2755 1181 2829 juniores

122 2823 129 2834 ⁸
194 2831 286 2890 italio
306 2831 498 2905 conjurarent,
513 2831 649 2887 dilectum
669 2831 728 2888 toti
750 2831 901 2890 Provincia
921 2834 1024 2891 habere
1045 2832 1178 2894 instituit.
1240 2863 1243 2874 ·

194 2909 245 2966 Eae
259 2920 305 2966 res
326 2907 356 2966 in
369 2907 493 2966 Galliam
507 2907 729 2984 Transalpinam
745 2909 875 2968 celeriter
890 2913 1077 2988 perferuntur.
1119 2913 1180 2970 Ad-

194 2989 266 3045 dunt
292 2986 345 3062 ipsi
371 2998 400 3044 et
424 2985 563 3061 affingunt
589 2986 749 3044 rumoribus
773 2987 860 3056 Galli,
888 2991 963 3064 quod
989 3009 1036 3048 res
1060 3005 1179 3066 poecere

194 3064 351 3131 videbatur,
367 3062 518 3122 ‘Retineri
538 3065 648 3122 urbano
661 3075 739 3122 motu
760 3066 915 3135 Gaesarem,
930 3087 1023 3142 noque
1043 3067 1074 3126 in
1091 3069 1180 3128 tantia

127 3141 418 3198 ·25dissensionibus
449 3143 485 3214 ad
510 3143 668 3200 exercitum
694 3143 791 3200 venire
816 3148 916 3220 posce)
943 3193 945 3198 ,
971 3147 1038 3204 Halo
1065 3148 1179 3223 impulsi

193 3218 355 3288 occasione,
375 3219 424 3294 qui
435 3219 494 3294 jam
509 3219 575 3277 ante
590 3239 621 3276 se
641 3220 741 3296 Populi
757 3221 884 3280 Romani
898 3223 1016 3299 imperio
1035 3225 1180 3301 subjectos

194 3298 331 3366 dolerent,
364 3295 482 3357 lilleritis
506 3308 597 3372 *atque
624 3298 763 3358 audacius
789 3301 825 3358 de
852 3301 926 3359 bello
959 3302 1080 3364 consilia
1106 3303 1180 3362 inire

194 3376 342 3451 incipiunt.
383 3375 504 3434 Indictis
517 3375 591 3434 inter
609 3396 639 3434 se
652 3377 796 3453 principes
809 3379 909 3437 Gallie
930 3377 1060 3437 conciliis
1072 3382 1180 3453 sylves-

194 3449 284 3509 tribus
305 3475 339 3512 ac
360 3455 475 3514 remotis
495 3454 565 3512 locis
586 3465 742 3530 queruntur
762 3458 799 3512 da
819 3457 946 3515 Acconis
968 3465 1076 3512 morte:
1098 3457 1179 3518 hunc

150 3533 292 3588 messum
307 3533 342 3588 ad
357 3534 431 3608 ipsos
443 3533 571 3591 recidere
589 3553 671 3607 posse
685 3534 895 3594 demonstrant:
915 3533 1085 3591 miserantur
1100 3555 1179 3596 com-

194 3621 310 3660 munem
320 3609 421 3667 Gallia
432 3612 571 3670 fortunam
582 3631 588 3668 :
601 3611 734 3668 omnibus
744 3606 992 3688 pollicitationibus
1007 3629 1041 3668 ao
1051 3617 1177 3687 premiis

195 3682 360 3768 deposcunt,
374 3689 422 3760 qui
446 3690 513 3747 belli
536 3688 648 3748 initium
672 3689 789 3757 saciant,
810 3703 840 3749 et
859 3689 903 3748 sni
926 3688 1028 3764 capitis
1048 3693 1177 3767 periculo

194 3757 318 3818 Galliam
339 3759 368 3817 in
391 3763 550 3825 libertatem
568 3767 722 3827 vindicent.
773 3768 843 3844 Ejus
863 3767 1016 3843 in'primis
1035 3771 1175 3830 rationem

196 3837 356 3898 habendam
387 3837 496 3908 dicunt,
523 3844 686 3918 priusquam
711 3861 810 3904 corum
843 3845 1023 3930 clandestina
1055 3849 1175 3908 consilia

321 4008 411 4063 0¹*-

173 4063 810 4356 naa
