2564 4422
420 344 529 397 amaa
543 273 729 398 sarnatus.
762 313 765 320 ‘
1070 345 1128 408 m

86 487 255 567 cingebant.
302 487 366 546 sat
385 505 477 556 muro,
497 507 560 564 quas
580 507 647 564 pars
666 489 748 548 collis
769 488 804 546 ad
824 488 963 548 menum
982 489 1078 550 Solam

87 569 248 646 spectabat,
262 565 342 624 bunc
354 585 470 624 omnem
483 567 577 634 locum
590 568 681 643 copie
691 567 840 626 Gallorum
858 569 1078 644 compleverant,

88 647 252 722 lassamque
269 656 300 704 et
320 645 475 704 maceriam
493 664 546 702 sex
558 645 589 703 in
608 645 786 704 altitudinem
808 648 912 722 pedum
931 649 1080 723 predare-

88 735 164 784 raut.
206 724 278 800 Ejus
291 723 469 792 munitionis,
491 743 556 799 qua
577 725 614 782 ab
635 724 778 783 Romanis
801 725 1010 794 instituebatur,
1024 726 1080 784 eir·
1147 779 1153 788 .

88 804 186 862 cuitus
199 802 246 860 XI
260 802 381 860 millium
398 821 533 877 passuum
546 803 671 860 tenebat.
713 803 816 862 Castra
827 802 992 880 opportunis
1008 804 1080 863 locis
1110 809 1129 862 5

88 892 173 941 crant
186 881 288 956 posita,
302 880 400 956 ibique
413 881 531 938 cautella
544 880 654 939 XXIII
674 881 771 951 laetat
790 882 894 957 quibus
907 883 937 940 in
954 883 1080 940 castellis

89 959 217 1020 interdiu
229 959 367 1018 stationes
379 958 612 1034 disponebantur,
623 979 660 1016 ue
673 978 731 1034 qua
740 959 838 1018 subitd
852 961 969 1036 irruptio
981 961 1078 1018 lieret:
1201 1021 1203 1030 ,

89 1041 155 1097 baec
168 1038 271 1095 eadem
280 1047 367 1100 noctu
376 1037 590 1096 excubitoribus
603 1057 638 1095 ac
652 1037 741 1095 firmis
749 1039 889 1114 prusidiis
899 1040 1078 1097 terrebantur.

131 1116 228 1174 LXX.
268 1115 366 1192 Opere
379 1115 517 1183 instituto,
532 1116 564 1174 lit
576 1125 706 1190 equestre
716 1117 843 1193 praelium
859 1118 888 1175 in
901 1119 937 1176 et
950 1117 1078 1193 planitie,

89 1213 178 1272 mam
191 1194 382 1252 intermissam
392 1194 513 1252 collibus
526 1194 574 1252 III
585 1195 675 1252 millia
687 1213 822 1270 passuum
832 1195 863 1252 in
871 1195 1078 1272 longitudinem
1094 1197 1130 1251 m

90 1285 191 1350 patere
211 1271 297 1349 supra
317 1273 580 1330 demonstravimus
630 1275 750 1332 Summt
770 1274 797 1330 ni
812 1274 848 1332 ab
868 1275 994 1350 utrisque
1011 1293 1080 1334 cou-

90 1352 228 1410 tenditur.
277 1339 486 1410 Laborantibus
507 1351 610 1409 nostris
630 1352 730 1412 Caesar
749 1353 909 1411 Germanos
929 1353 1079 1420 submittit,

90 1430 276 1508 legionesque
289 1449 340 1507 pro
361 1429 462 1488 castris
483 1430 640 1498 constituit,
661 1450 698 1489 ne
719 1451 775 1507 qua
797 1430 892 1489 subitd
906 1431 1024 1507 irruptio
1044 1433 1081 1490 ab

91 1509 219 1568 bostium
244 1509 371 1584 peditatu
397 1508 455 1566 liat
510 1509 646 1566 Presidio
671 1509 816 1594 legionum
843 1511 950 1579 addito,
977 1509 1081 1568 neuris

91 1587 211 1646 animus
230 1597 364 1662 augetur:
385 1587 535 1654 hostes,·in
559 1588 656 1662 lugam
679 1589 812 1664 conjecti,
826 1609 858 1646 se
879 1589 933 1664 ipsi
956 1589 1082 1646 multitu·
1097 1591 1131 1644 15

91 1667 163 1724 dine
178 1665 344 1740 impediunt,
357 1675 440 1740 atque
452 1666 663 1742 angustioribus
673 1666 760 1741 portis
774 1667 881 1724 relictis
890 1678 1080 1726 commentus.

91 1744 174 1802 Tum
188 1744 324 1802 Germani
347 1743 442 1802 acrids
462 1764 552 1820 usque
573 1744 609 1801 ad
628 1743 801 1802 munitiones
821 1755 995 1818 sequuntur..
1034 1743 1083 1802 rit

91 1824 326 1899 magnacaedes.
375 1822 524 1891 Nonnulli,
546 1823 653 1880 relictis
675 1823 765 1897 equis,
785 1823 889 1880 fossam
911 1822 1083 1880 transireat

92 1901 251 1960 maceriam
270 1903 472 1960 transcendere
493 1912 641 1960 conantur.
683 1899 804 1959 I'aulirm
824 1900 952 1977 legiones
972 1899 1080 1967 Caesar,

92 1999 166 2057 quas
187 2000 238 2056 pro
261 1980 335 2038 vallo
356 1980 552 2048 constituerat,
575 1981 733 2056 promoveri
753 1980 843 2056 jubet
884 1979 952 2036 Non
975 1976 1081 2050 minda,
1095 1977 1133 2032 ω

92 2060 144 2134 qui
164 2059 240 2116 intra
260 2059 433 2116 munitiones
453 2071 545 2126 erant,
558 2055 635 2117 Galli
655 2060 872 2135 perturbantur:
893 2057 983 2115 veniri
997 2057 1033 2114 ad
1049 2075 1082 2114 se

93 2137 245 2196 confestim
269 2136 474 2204 existimantes,
499 2139 535 2195 ad
556 2157 636 2196 arma
656 2139 856 2197 conclamant:
877 2136 1007 2195 nonnulli
1020 2155 1083 2212 per-

93 2216 185 2276 territi
213 2217 242 2274 in
262 2216 398 2292 oppidum
425 2216 592 2292 irrumpunt.
642 2217 861 2295 Vercingetorix
885 2216 967 2293 jubet
989 2226 1084 2292 portas

94 2295 255 2362 claudiae
272 2305 366 2353 castra
386 2296 539 2353 nudentur.
580 2295 681 2353 Multis
701 2296 869 2363 interiectis,
889 2295 1084 2372 eorrrpluribus

94 2373 178 2449 equis
190 2374 290 2448 captis,
304 2374 443 2432 Germani
457 2394 519 2432 sese
533 2375 683 2450 recipiunt.
1097 2371 1135 2426 95

135 2451 249 2510 LXXI.
290 2452 518 2527 Vercingetorix,
531 2453 693 2528 priusquam
707 2452 880 2509 munitiones
893 2453 930 2508 ab
944 2451 1085 2508 Romanis

93 2531 290 2608 perficiantur,
312 2531 463 2588 consilium
484 2531 570 2607 capit,
591 2549 705 2588 omnem
720 2530 757 2587 ab
776 2549 807 2586 se
828 2529 983 2603 equitatum
998 2540 1085 2586 noctu

95 2610 248 2668 dimittere.
290 2609 512 2668 Discedentibus
535 2610 661 2676 mandat,
682 2619 714 2666 ut
733 2619 830 2665 ‘suam
851 2608 969 2680 quisque
987 2623 1085 2662 eorum

95 2688 243 2748 civitatem
249 2683 351 2756 adeat,
362 2708 527 2764 omnesque,
536 2688 584 2763 qui
597 2707 647 2764 per
661 2697 772 2744 atatem
789 2705 867 2743 arma
880 2685 953 2742 serre
966 2682 1084 2760 possim,

97 2769 134 2826 ad
148 2767 256 2824 bellum
277 2777 398 2844 cogant:
419 2787 472 2824 sua
485 2767 515 2824 in
536 2767 599 2824 illos
611 2765 728 2824 merita'
748 2764 897 2842 proponit;
917 2764 1087 2822 obtestatur·
1099 2761 1136 2816 30

98 2865 163 2921 que,
187 2851 237 2902 ‘ut
256 2864 315 2904 sure
329 2846 428 2904 salutis
448 2845 587 2904 rationem
602 2846 736 2911 habeant,
758 2862 815 2903 neu
829 2863 870 2916 se,
884 2844 920 2900 de
940 2840 1086 2906 communi

98 2925 231 2982 libertate
240 2923 501 3000 animamarum,
515 2923 545 2980 iu
555 2922 715 2980 cruciatum
728 2923 857 2980 hostibus
866 2922 990 2978 dedant:
1010 2918 1086 2994 qund

99 3003 123 3060 si
137 3002 366 3078 indiligentiores
379 3003 494 3070 luerint,
508 3003 599 3060 millia
612 3002 758 3060 bominum
772 3001 883 3060 delecta
898 2998 1014 3056 LXXX
1029 2995 1087 3054 und

99 3100 198 3140 secum
221 3081 384 3139 interitura*
406 3082 597 3138 demonstrat:
619 3081 745 3138 ‘ratione
766 3080 847 3144 initii,
869 3079 1042 3136 frumentum
1056 3095 1088 3138 se

99 3158 205 3236 exigui
218 3160 330 3218 diemm
345 3159 436 3217 XXX
450 3161 565 3230 habero,
579 3160 629 3216 sed
642 3159 728 3234 pauld
741 3159 827 3217 etiam
842 3155 956 3234 longina
969 3155 1087 3214 tolerare
1102 3153 1139 3208 35

99 3257 183 3316 posse
200 3239 363 3314 parcendo!
406 3238 461 3296 His
474 3238 548 3296 datis
567 3238 719 3303 mandatis,
734 3238 790 3312 qud
803 3249 864 3294 erat
877 3247 1007 3293 nostmm·
1017 3251 1088 3306 opus

100 3317 305 3385 intermissum,
324 3317 453 3375 secundi
466 3316 563 3392 vigilis
576 3316 690 3374 silentio
709 3317 866 3391 equitatum
880 3312 1011 3372 dimittit:
1032 3310 1090 3366 lm-

100 3406 231 3454 mentum
251 3414 337 3454 omne
351 3396 386 3454 ad
397 3413 429 3453 se
450 3395 516 3453 ferri
527 3395 628 3470 jubete
649 3395 752 3470 capitis
764 3411 878 3469 poenam
899 3391 943 3454 iis,
957 3388 1005 3464 qui
1019 3405 1088 3457 non,

99 3474 258 3551 paruerint,
279 3473 443 3533 constituit:
463 3493 561 3550 pecus,
576 3474 658 3550 cujus
672 3491 777 3547 magna
790 3481 851 3530 erat
872 3471 908 3526 ab
922 3467 1090 3526 Mandubiis

97 3547 961 3706 tltpltttttttltlttltlstultat-'t
971 3558 1092 3686 titt
1105 3547 1141 3604 ⁴⁰

99 3720 192 3779 verat,
216 3711 251 3770 ia·
275 3710 412 3787 oppidum
436 3710 548 3785 recipit
596 3709 651 3766 llis
676 3706 833 3766 rationibus
858 3705 966 3765 auxilia
990 3705 1091 3765 Galliae

98 3800 270 3866 aqrsctare
282 3799 313 3848 st
325 3789 432 3848 bellum
446 3788 645 3847 administrare
656 3796 748 3863 parat.

99 3867 274 3928 ,mat
311 3867 434 3932 Quib-
459 3859 1090 3944 abmnpsrug'setaquviseorsiti.
