2590 4424
463 449 594 506 'nrenrv
608 451 770 508 rnnrtun.
809 443 812 456 '
1128 449 1172 522 49

44 588 46 602 '
128 595 244 656 nuvium
264 613 326 676 uno
347 605 475 672 tempore
495 598 659 673 eriperetur.
707 599 865 674 Reliquum
887 610 949 658 erat
971 611 1126 660 certamen*
1156 657 1160 666 .

125 675 249 754 podtum
264 675 294 734 in
309 675 425 746 virtute,
439 677 495 752 qud
507 677 596 734 nostri
610 675 716 734 milites
736 677 822 736 facile
836 680 1017 756 superabant,
1033 691 1125 757 atque·

126 753 163 813 ed
175 752 280 830 magle,
300 752 381 829 qnod
395 753 430 810 r'n
445 764 600 830 conspectu
614 755 738 813 cesaris
762 767 845 832 atque
860 758 954 815 omnis
974 760 1116 817 exercitus

124 850 172 891 res
191 833 355 908 perennem,
370 842 402 888 ut
423 831 533 891 nullum
553 831 641 908 pnrrld
659 833 758 891 lortius
772 836 880 910 luctum
893 837 981 894 latere
1002 848 1115 914 possm:
1151 905 1154 914 Δ

124 931 227 970 omnes
249 910 328 967 enim
347 911 434 968 eolles
454 928 489 968 ae
502 910 567 967 locu
589 912 743 986 superiora,
767 914 845 972 unde
858 925 919 972 erat
942 915 1120 991 propinquus
1143 921 1160 973 n

126 991 283 1068 despectus
295 989 330 1046 in
339 1003 429 1057 mure,
442 989 480 1045 ab
488 989 619 1046 exercitu
631 991 810 1050 tenebuntur.

168 1067 238 1124 XV.
280 1066 419 1142 Dejeotia
437 1077 468 1124 ut
480 1067 614 1140 diximus,
630 1071 772 1138 antennis,
786 1072 873 1145 quu'nr
897 1073 1025 1148 singulas
1039 1072 1118 1129 bine

128 1165 167 1205 ae
186 1156 277 1202 terne
295 1163 385 1222 neres
404 1145 657 1214 circumsteterunt,
674 1147 780 1205 milites
799 1150 911 1207 summe
924 1151 952 1207 vi
968 1163 1115 1208 transcen·
1179 1171 1187 1188 ·

126 1227 199 1284 dere
213 1223 246 1280 in
260 1220 384 1282 hostium
392 1241 475 1282 naves
483 1224 706 1282 contendebant.
747 1227 836 1288 Quod
846 1239 994 1302 postquem
1002 1229 1115 1285 barbari

124 1303 192 1362 fieri
206 1300 476 1374 animadverterunt,
491 1304 662 1378 expugnatis
678 1305 871 1380 compluribus
884 1305 1013 1373 navibus,
1028 1322 1115 1381 quum
1127 1309 1168 1366 lu·

124 1383 155 1440 ei
167 1381 210 1440 rei
231 1379 344 1437 nullum
358 1381 526 1456 reperiretur
548 1380 694 1449 auxilinm,
709 1383 778 1463 ruga
802 1385 922 1441 sulutem
939 1395 1036 1462 petere
1050 1403 1117 1442 oon·

125 1463 299 1528 tenderunt3
331 1477 366 1516 ac
386 1459 451 1534 jam*
472 1458 617 1516 conversis
636 1459 666 1518 in
690 1467 886 1538 campartem
905 1463 1034 1535 navibus,
1058 1461 1117 1539 qud

27 1609 31 1618 Ι
125 1551 231 1596 ventus
243 1537 363 1604 ferebat,
377 1548 457 1594 tamn
477 1534 573 1594 subito
596 1538 718 1596 malacin
732 1557 766 1596 ao
790 1541 978 1616 tranquillitas
998 1541 1120 1614 exstitit,

127 1627 162 1674 ut
183 1637 215 1674 se
232 1615 345 1672 exlooo
358 1633 469 1672 movere
490 1633 548 1672 non
562 1627 684 1690 possent.
725 1617 802 1678 Quae
823 1621 937 1693 quidem
950 1639 996 1676 res
1018 1621 1052 1677 ad
1066 1637 1115 1676 ne·

126 1696 242 1772 gotium
260 1693 470 1752 conficiendum
490 1693 615 1752 maxime
630 1695 684 1750 suit
703 1705 879 1770 opportuna:
900 1713 968 1752 nam
988 1697 1114 1772 singulas
1127 1703 1160 1756 15

1 1797 2 1820 i
48 1811 51 1816 -
126 1775 220 1832 nostri
233 1773 390 1832 consectati
402 1781 647 1848 expugnaverunt,
661 1783 693 1829 ut
705 1791 855 1848 perpaucae
875 1792 911 1830 ex
924 1774 1002 1830 omni
1015 1792 1116 1830 nume-

125 1869 173 1925 ro,
187 1853 280 1911 noctis
303 1851 473 1917 interventu,
496 1851 532 1908 ud
552 1861 658 1909 terram
675 1852 864 1926 pervenerint,
879 1867 967 1926 quum
986 1851 1024 1908 eb
1045 1851 1115 1909 hore

127 1929 189 1989 ferd
203 1931 305 2007 quarte
317 1947 407 2004 nsque
423 1930 459 1986 ad
472 1929 540 1986 sotis
552 1947 688 1987 occasum
701 1939 884 2006 pugnaretur.

152 2007 253 2068 axv1.
294 2008 364 2070 Quo
396 2007 497 2090 prelio
527 2007 633 2066 bellum
669 2007 844 2066 Venetorum
878 2007 1018 2082 totiusque
1057 2025 1113 2066 orae

125 2089 278 2146 maritime
289 2087 454 2156 conlectum
468 2097 519 2144 est.
561 2085 745 2163 Numquam
757 2087 850 2146 omnis
861 2087 1004 2164 juventus,
1014 2105 1114 2146 omnes
1124 2093 1159 2147 2⁰

126 2167 216 2226 etiem
228 2165 368 2244 gravioris
380 2165 481 2232 aetetis,
496 2165 526 2222 in
540 2165 642 2239 quibus
661 2167 765 2244 qliquid
780 2167 892 2226 consilii
906 2175 954 2225 aut
967 2165 1114 2244 dignitatis

125 2245 191 2315 fixit,
218 2243 258 2305 ed
282 2253 496 2314 convenerant;
530 2254 600 2312 tum,
632 2247 747 2312 navium
773 2248 848 2322 quod
881 2247 989 2322 ubique
1012 2247 1112 2315 luerat,

126 2341 220 2382 unum
246 2325 276 2382 in
293 2325 389 2383 locum
416 2325 595 2399 coegerant:¹
614 2324 717 2400 quibus
744 2325 863 2393 remissie,
885 2325 996 2400 reliqui,
1023 2345 1115 2410 neque

126 2401 187 2478 qud
200 2421 231 2460 se
251 2403 420 2480 reciperent,
435 2413 529 2476 neque
542 2403 781 2477 quemadmodum
801 2405 905 2480 oppidu
919 2403 1113 2471 defenderent,
1138 2441 1144 2448 ι

127 2482 283 2540 habebant.
324 2481 426 2555 Itaque
440 2499 470 2537 ee
489 2499 598 2554 suaque
618 2481 846 2538 omniaCaeseri'
859 2481 1036 2538 dediderunt.
1078 2481 1159 2540 Inue

128 2559 247 2634 quosen
261 2558 481 2636 provinense
495 2559 699 2629 vindicandum
713 2559 820 2630 statuit,
834 2558 892 2632 qud
905 2559 1070 2633 diligentius
1083 2559 1113 2614 in

127 2638 270 2714 reliquum
295 2648 408 2714 tempus
435 2655 451 2694 a
485 2635 613 2694 barbaris
633 2637 680 2713 jus
706 2636 864 2712 legatorum
891 2645 1112 2692 conservaretur.
1181 2691 1185 2700 ,

127 2716 241 2792 Itaque,
254 2717 332 2776 omui
347 2727 449 2773 senatu
462 2727 575 2784 necato,
589 2715 712 2791 reliquos
725 2715 778 2772 sub
792 2714 897 2772 corone
910 2711 1046 2771 vendidit.
1111 2709 1132 2732 “

168 2795 270 2853 XVII.
312 2795 390 2852 Dum
423 2795 486 2852 hen
519 2795 549 2852 iu
576 2793 696 2853 Venetis
729 2804 875 2871 geruntur,
909 2794 949 2856 Q.
984 2792 1115 2852 Titurius

127 2875 256 2932 Sabinus
277 2893 344 2930 curn
365 2874 400 2930 iis
422 2873 523 2950 copiis,
547 2893 618 2948 quae
640 2874 788 2932 aCaesere
811 2878 969 2950 occeperat,
992 2867 1030 2930 in¹
1043 2873 1114 2930 fines
1124 2881 1159 2934 30
1265 2925 1267 2928 .

127 2951 299 3012 Unellorum
321 2953 457 3028 pervenit.
510 2952 566 3022 His
590 2962 711 3028 prreeret
734 2953 892 3019 Viridovix,
917 2971 951 3008 ec
975 2969 1114 3008 summam

124 3031 240 3107 imperii
254 3032 371 3090 tenebat
383 3051 486 3093 earum,
495 3030 623 3088 omnium
644 3031 800 3098 civitatum,
815 3049 877 3106 quae
891 3029 1065 3098 defecerant,
1079 3048 1116 3088 ex

125 3112 232 3186 quibus
258 3111 416 3168 exercitum
442 3127 618 3186 magnasque
643 3110 740 3186 copias
766 3113 908 3187 coligeret.
950 3109 1045 3186 Atque
1071 3109 1115 3166 his

124 3190 228 3266 paucis
254 3189 357 3247 diebus
378 3189 497 3270 Aulerci
524 3187 709 3257 Eburovicea
734 3189 918 3266 Lexoviique,
940 3199 1041 3246 senatu
1059 3205 1115 3245 ,suo

126 3267 290 3338 interfecto,
311 3267 388 3343 qndd
410 3277 542 3326 auctores
560 3268 627 3342 belli
648 3268 878 3336 esse'nolebent,
892 3273 986 3342 portas
1007 3263 1159 3324 clause-35

125 3357 204 3414 runt,
224 3365 312 3422 seque
332 3365 399 3404 oum
423 3346 587 3404 Viridovice
611 3349 837 3422 conjunxerunt3
866 3357 1025 3418 magnaque
1045 3359 1115 3416 prae-

126 3435 208 3482 terea
232 3425 385 3484 multitudo
411 3425 537 3500 undique
566 3444 603 3483 ex
633 3426 729 3483 Gallie
761 3423 933 3502 perditorum
967 3417 1115 3480 hominum

125 3503 330 3580 latronumque
348 3513 552 3578 convenerant,
576 3523 646 3582 quos
672 3523 736 3580 spes
761 3497 908 3579 predandi
934 3498 1115 3578 studiumque

127 3581 255 3640 bellandi
272 3581 530 3660 .ab.'agriculturd
562 3594 591 3640 et
628 3583 792 3659 quotidiano
824 3577 921 3636 labore
955 3580 1114 3638 revocabat

127 3659 257 3718 Sabinus
268 3650 374 3720 idoneo
382 3661 516 3721 omnibus
529 3663 614 3720 rebus
626 3655 690 3720 loco
703 3658 803 3716 castris
817 3673 879 3714 sese
893 3660 1018 3726 tenebrat,
1029 3676 1115 3734 quum
1124 3665 1159 3718 40

125 3739 279 3798 Viridovix
312 3751 412 3799 eontra
445 3755 518 3798 euur
538 3741 637 3798 duum'
660 3737 779 3796 millium
807 3737 897 3814 spatio
930 3735 1114 3803 consedisset,

124 3818 312 3896 quotidieque
332 3819 479 3896 productis
493 3817 583 3895 copiis
603 3815 750 3898 pugnandi
763 3825 931 3893 potestatem
955 3815 1070 3881 faceret,
1085 3825 1116 3872 ut

120 3898 255 3975 jamnon
268 3898 361 3957 solinu
368 3898 498 3958 hostibus
508 3897 538 3954 in
552 3895 929 3972 contemptionem.Sebinns
940 3893 1115 3962 veniret,sed

123 3976 217 4038 etium
238 3985 398 4036 nnstrcmm
419 3976 541 4034 militurn
562 3976 679 4034 vocibus
698 3973 830 4032 nonnihil
854 3979 1032 4047 carperetur:
1054 3977 1117 4024 tan-
