<?xml version="1.0" encoding="UTF-8"?>
<!DOCTYPE html PUBLIC "-//W3C//DTD XHTML 1.0 Transitional//EN"
    "http://www.w3.org/TR/xhtml1/DTD/xhtml1-transitional.dtd">
<html xmlns="http://www.w3.org/1999/xhtml" xml:lang="en" lang="en">
 <head>
  <title>
</title>
<meta http-equiv="Content-Type" content="text/html;charset=utf-8" />
  <meta name='ocr-system' content='tesseract 3.04.00' />
  <meta name='ocr-capabilities' content='ocr_page ocr_carea ocr_par ocr_line ocrx_word'/>
</head>
<body>
  <div class='ocr_page' id='page_1' title='image "./commentariidebe00levegoog_0121.png"; bbox 0 0 2564 4422; ppageno 0'>
   <div class='ocr_carea' id='block_1_1' title="bbox 183 297 893 399">
    <p class='ocr_par' dir='ltr' id='par_1_1' title="bbox 183 297 893 399">
     <span class='ocr_line' id='line_1_1' title="bbox 183 297 893 399; baseline -0.006 -15"><span class='ocrx_word' id='word_1_1' title='bbox 183 337 236 399; x_wconf 77' lang='lat' dir='ltr'><strong>m</strong></span> <span class='ocrx_word' id='word_1_2' title='bbox 288 308 291 316; x_wconf 82' lang='lat'>&#39;</span> <span class='ocrx_word' id='word_1_3' title='bbox 541 333 589 384; x_wconf 84' lang='lat' dir='ltr'><strong>un</strong></span> <span class='ocrx_word' id='word_1_4' title='bbox 603 297 717 382; x_wconf 73' lang='lat' dir='ltr'><strong>asmo</strong></span> <span class='ocrx_word' id='word_1_5' title='bbox 735 327 893 380; x_wconf 73' lang='lat' dir='ltr'><strong>caturco</strong></span> 
     </span>
    </p>
   </div>
   <div class='ocr_carea' id='block_1_2' title="bbox 163 470 1281 3932">
    <p class='ocr_par' dir='ltr' id='par_1_2' title="bbox 163 470 1281 3932">
     <span class='ocr_line' id='line_1_2' title="bbox 225 470 1273 551; baseline -0.004 -20"><span class='ocrx_word' id='word_1_6' title='bbox 225 475 478 551; x_wconf 69' lang='lat' dir='ltr'><strong>redintegrentur,</strong></span> <span class='ocrx_word' id='word_1_7' title='bbox 503 475 537 532; x_wconf 84' lang='lat' dir='ltr'><strong>ad</strong></span> <span class='ocrx_word' id='word_1_8' title='bbox 565 470 666 548; x_wconf 82' lang='lat' dir='ltr'><strong>magis,</strong></span> <span class='ocrx_word' id='word_1_9' title='bbox 692 471 771 548; x_wconf 78' lang='lat' dir='ltr'><strong>qubd</strong></span> <span class='ocrx_word' id='word_1_10' title='bbox 797 474 912 531; x_wconf 88' lang='lat' dir='ltr'><strong>deustos</strong></span> <span class='ocrx_word' id='word_1_11' title='bbox 943 471 1066 548; x_wconf 81' lang='lat' dir='ltr'><strong>pluteos·</strong></span> <span class='ocrx_word' id='word_1_12' title='bbox 1089 475 1202 534; x_wconf 87' lang='lat' dir='ltr'><strong>turrium</strong></span> <span class='ocrx_word' id='word_1_13' title='bbox 1268 510 1273 527; x_wconf 92' lang='lat'><em>.</em></span> 
     </span>
     <span class='ocr_line' id='line_1_3' title="bbox 224 551 1204 628; baseline 0.003 -20"><span class='ocrx_word' id='word_1_14' title='bbox 224 551 371 622; x_wconf 81' lang='lat' dir='ltr'><strong>videbant,</strong></span> <span class='ocrx_word' id='word_1_15' title='bbox 384 574 444 615; x_wconf 88' lang='lat' dir='ltr'><strong>neo</strong></span> <span class='ocrx_word' id='word_1_16' title='bbox 452 553 531 614; x_wconf 67' lang='lat' dir='ltr'><strong>heile</strong></span> <span class='ocrx_word' id='word_1_17' title='bbox 542 551 618 608; x_wconf 89' lang='lat' dir='ltr'><strong>adire</strong></span> <span class='ocrx_word' id='word_1_18' title='bbox 627 562 739 628; x_wconf 80' lang='lat' dir='ltr'><strong>apertos</strong></span> <span class='ocrx_word' id='word_1_19' title='bbox 751 553 786 609; x_wconf 90' lang='lat' dir='ltr'><strong>ad</strong></span> <span class='ocrx_word' id='word_1_20' title='bbox 796 551 990 610; x_wconf 86' lang='lat' dir='ltr'><strong>auxiliandum</strong></span> <span class='ocrx_word' id='word_1_21' title='bbox 1001 551 1204 612; x_wconf 82' lang='lat' dir='ltr'><strong>animadverte·</strong></span> 
     </span>
     <span class='ocr_line' id='line_1_4' title="bbox 223 629 1274 712; baseline 0.005 -24"><span class='ocrx_word' id='word_1_22' title='bbox 223 629 309 702; x_wconf 78' lang='lat' dir='ltr'><strong>bant;</strong></span> <span class='ocrx_word' id='word_1_23' title='bbox 324 652 492 712; x_wconf 71' lang='lat' dir='ltr'><strong>semperque</strong></span> <span class='ocrx_word' id='word_1_24' title='bbox 501 629 552 706; x_wconf 90' lang='lat' dir='ltr'><strong>ipsi</strong></span> <span class='ocrx_word' id='word_1_25' title='bbox 559 639 691 688; x_wconf 87' lang='lat' dir='ltr'><strong>recentes</strong></span> <span class='ocrx_word' id='word_1_26' title='bbox 701 629 820 688; x_wconf 81' lang='lat' dir='ltr'><strong>defessis</strong></span> <span class='ocrx_word' id='word_1_27' title='bbox 828 631 1026 698; x_wconf 85' lang='lat' dir='ltr'><strong>succederent,</strong></span> <span class='ocrx_word' id='word_1_28' title='bbox 1037 649 1203 708; x_wconf 88' lang='lat' dir='ltr'><strong>omnemque</strong></span> <span class='ocrx_word' id='word_1_29' title='bbox 1273 667 1274 694; x_wconf 79' lang='lat' dir='ltr'><strong>l</strong></span> 
     </span>
     <span class='ocr_line' id='line_1_5' title="bbox 221 707 1274 789; baseline 0.002 -23"><span class='ocrx_word' id='word_1_30' title='bbox 221 707 328 770; x_wconf 67' lang='lat' dir='ltr'><strong>uallis</strong></span> <span class='ocrx_word' id='word_1_31' title='bbox 342 714 460 772; x_wconf 79' lang='lat' dir='ltr'><strong>odotem</strong></span> <span class='ocrx_word' id='word_1_32' title='bbox 473 713 501 768; x_wconf 90' lang='lat' dir='ltr'><strong>in</strong></span> <span class='ocrx_word' id='word_1_33' title='bbox 512 707 559 766; x_wconf 90' lang='lat' dir='ltr'><strong>illo</strong></span> <span class='ocrx_word' id='word_1_34' title='bbox 568 709 689 785; x_wconf 85' lang='lat' dir='ltr'><strong>vestigio</strong></span> <span class='ocrx_word' id='word_1_35' title='bbox 702 709 836 785; x_wconf 89' lang='lat' dir='ltr'><strong>temporis</strong></span> <span class='ocrx_word' id='word_1_36' title='bbox 849 710 969 785; x_wconf 84' lang='lat' dir='ltr'><strong>positam</strong></span> <span class='ocrx_word' id='word_1_37' title='bbox 984 708 1203 780; x_wconf 79' lang='lat' dir='ltr'><strong>arbitrarentur3</strong></span> <span class='ocrx_word' id='word_1_38' title='bbox 1269 736 1274 789; x_wconf 53' lang='grc' dir='ltr'>ᾗ</span> 
     </span>
     <span class='ocr_line' id='line_1_6' title="bbox 196 787 1203 866; baseline 0.003 -23"><span class='ocrx_word' id='word_1_39' title='bbox 196 790 345 862; x_wconf 67' lang='lat' dir='ltr'><strong>succidit,</strong></span> <span class='ocrx_word' id='word_1_40' title='bbox 366 787 584 866; x_wconf 76' lang='lat' dir='ltr'>inspectantibus</span> <span class='ocrx_word' id='word_1_41' title='bbox 601 787 696 856; x_wconf 90' lang='lat' dir='ltr'><strong>nobis,</strong></span> <span class='ocrx_word' id='word_1_42' title='bbox 717 789 802 862; x_wconf 92' lang='lat' dir='ltr'><strong>quod,</strong></span> <span class='ocrx_word' id='word_1_43' title='bbox 816 787 937 864; x_wconf 87' lang='lat' dir='ltr'><strong>dignum</strong></span> <span class='ocrx_word' id='word_1_44' title='bbox 950 787 1090 846; x_wconf 66' lang='lat' dir='ltr'><strong>memoris</strong></span> <span class='ocrx_word' id='word_1_45' title='bbox 1107 789 1203 856; x_wconf 89' lang='lat' dir='ltr'><strong>visum,</strong></span> 
     </span>
     <span class='ocr_line' id='line_1_7' title="bbox 226 865 1275 946; baseline -0.005 -16"><span class='ocrx_word' id='word_1_46' title='bbox 226 867 494 946; x_wconf 71' lang='lat' dir='ltr'><strong>pretermittendum</strong></span> <span class='ocrx_word' id='word_1_47' title='bbox 511 885 569 923; x_wconf 88' lang='lat' dir='ltr'><strong>non</strong></span> <span class='ocrx_word' id='word_1_48' title='bbox 583 865 817 925; x_wconf 79' lang='lat' dir='ltr'><strong>existimavimus.</strong></span> <span class='ocrx_word' id='word_1_49' title='bbox 866 865 998 928; x_wconf 79' lang='lat' dir='ltr'><strong>Quidam</strong></span> <span class='ocrx_word' id='word_1_50' title='bbox 1019 877 1088 924; x_wconf 88' lang='lat' dir='ltr'><strong>ante</strong></span> <span class='ocrx_word' id='word_1_51' title='bbox 1100 877 1204 943; x_wconf 90' lang='lat' dir='ltr'><strong>portam</strong></span> <span class='ocrx_word' id='word_1_52' title='bbox 1274 885 1275 889; x_wconf 70' lang='grc'>’</span> 
     </span>
     <span class='ocr_line' id='line_1_8' title="bbox 226 943 1203 1026; baseline -0.001 -21"><span class='ocrx_word' id='word_1_53' title='bbox 226 951 324 1026; x_wconf 84' lang='lat' dir='ltr'><strong>oppidi</strong></span> <span class='ocrx_word' id='word_1_54' title='bbox 336 946 440 1010; x_wconf 86' lang='lat' dir='ltr'><strong>Gallus,</strong></span> <span class='ocrx_word' id='word_1_55' title='bbox 454 943 503 1018; x_wconf 90' lang='lat' dir='ltr'><strong>qui</strong></span> <span class='ocrx_word' id='word_1_56' title='bbox 523 963 692 1020; x_wconf 80' lang='lat' dir='ltr'><strong>parmenus</strong></span> <span class='ocrx_word' id='word_1_57' title='bbox 713 945 772 1002; x_wconf 88' lang='lat' dir='ltr'><strong>sevi</strong></span> <span class='ocrx_word' id='word_1_58' title='bbox 786 963 820 1002; x_wconf 92' lang='lat' dir='ltr'><strong>ac</strong></span> <span class='ocrx_word' id='word_1_59' title='bbox 833 944 906 1020; x_wconf 89' lang='lat' dir='ltr'><strong>picis</strong></span> <span class='ocrx_word' id='word_1_60' title='bbox 926 944 1047 1002; x_wconf 87' lang='lat' dir='ltr'><strong>traditas</strong></span> <span class='ocrx_word' id='word_1_61' title='bbox 1059 945 1159 1022; x_wconf 86' lang='lat' dir='ltr'><strong>glebas</strong></span> <span class='ocrx_word' id='word_1_62' title='bbox 1177 946 1203 1003; x_wconf 93' lang='lat' dir='ltr'><strong>in</strong></span> 
     </span>
     <span class='ocr_line' id='line_1_9' title="bbox 226 1020 1204 1100; baseline -0.001 -17"><span class='ocrx_word' id='word_1_63' title='bbox 226 1025 352 1100; x_wconf 51' lang='lat' dir='ltr'><strong>gnome</strong></span> <span class='ocrx_word' id='word_1_64' title='bbox 370 1020 485 1098; x_wconf 77' lang='lat' dir='ltr'><strong>regione</strong></span> <span class='ocrx_word' id='word_1_65' title='bbox 498 1024 585 1082; x_wconf 90' lang='lat' dir='ltr'><strong>turris</strong></span> <span class='ocrx_word' id='word_1_66' title='bbox 597 1023 774 1100; x_wconf 87' lang='lat' dir='ltr'><strong>projiciebat,</strong></span> <span class='ocrx_word' id='word_1_67' title='bbox 788 1022 937 1099; x_wconf 87' lang='lat' dir='ltr'><strong>scorpione</strong></span> <span class='ocrx_word' id='word_1_68' title='bbox 958 1024 994 1079; x_wconf 91' lang='lat' dir='ltr'><strong>ab</strong></span> <span class='ocrx_word' id='word_1_69' title='bbox 1008 1022 1099 1082; x_wconf 84' lang='lat' dir='ltr'><strong>latere</strong></span> <span class='ocrx_word' id='word_1_70' title='bbox 1112 1024 1204 1082; x_wconf 85' lang='lat' dir='ltr'><strong>dextro</strong></span> 
     </span>
     <span class='ocr_line' id='line_1_10' title="bbox 224 1101 1276 1179; baseline 0.001 -19"><span class='ocrx_word' id='word_1_71' title='bbox 224 1103 358 1178; x_wconf 82' lang='lat' dir='ltr'><strong>trajectus</strong></span> <span class='ocrx_word' id='word_1_72' title='bbox 376 1101 612 1179; x_wconf 87' lang='lat' dir='ltr'><strong>exanimatusque</strong></span> <span class='ocrx_word' id='word_1_73' title='bbox 635 1101 769 1160; x_wconf 89' lang='lat' dir='ltr'><strong>concidit.</strong></span> <span class='ocrx_word' id='word_1_74' title='bbox 811 1101 901 1159; x_wconf 87' lang='lat' dir='ltr'><strong>Hunc</strong></span> <span class='ocrx_word' id='word_1_75' title='bbox 920 1120 957 1158; x_wconf 83' lang='lat' dir='ltr'><strong>ex</strong></span> <span class='ocrx_word' id='word_1_76' title='bbox 979 1102 1117 1177; x_wconf 76' lang='lat' dir='ltr'><strong>proximis</strong></span> <span class='ocrx_word' id='word_1_77' title='bbox 1136 1122 1204 1160; x_wconf 88' lang='lat' dir='ltr'><strong>unus</strong></span> <span class='ocrx_word' id='word_1_78' title='bbox 1275 1137 1276 1168; x_wconf 70' lang='grc'>;</span> 
     </span>
     <span class='ocr_line' id='line_1_11' title="bbox 182 1179 1276 1257; baseline 0.002 -19"><span class='ocrx_word' id='word_1_79' title='bbox 182 1186 215 1239; x_wconf 83' lang='grc'><strong>10</strong></span> <span class='ocrx_word' id='word_1_80' title='bbox 223 1179 365 1257; x_wconf 77' lang='lat' dir='ltr'><strong>jacentem</strong></span> <span class='ocrx_word' id='word_1_81' title='bbox 377 1189 581 1256; x_wconf 83' lang='lat' dir='ltr'><strong>transgressus,</strong></span> <span class='ocrx_word' id='word_1_82' title='bbox 592 1182 693 1240; x_wconf 88' lang='lat' dir='ltr'><strong>eodem</strong></span> <span class='ocrx_word' id='word_1_83' title='bbox 707 1181 755 1238; x_wconf 91' lang='lat' dir='ltr'><strong>illo</strong></span> <span class='ocrx_word' id='word_1_84' title='bbox 768 1199 886 1238; x_wconf 88' lang='lat' dir='ltr'><strong>munere</strong></span> <span class='ocrx_word' id='word_1_85' title='bbox 898 1180 1088 1256; x_wconf 82' lang='lat' dir='ltr'><strong>fungebatur:</strong></span> <span class='ocrx_word' id='word_1_86' title='bbox 1108 1182 1204 1240; x_wconf 63' lang='lat' dir='ltr'><strong>eidem</strong></span> <span class='ocrx_word' id='word_1_87' title='bbox 1275 1179 1276 1240; x_wconf 64' lang='lat' dir='ltr'><strong>l</strong></span> 
     </span>
     <span class='ocr_line' id='line_1_12' title="bbox 227 1259 1276 1336; baseline -0.004 -16"><span class='ocrx_word' id='word_1_88' title='bbox 227 1260 335 1320; x_wconf 80' lang='lat' dir='ltr'><strong>ratione</strong></span> <span class='ocrx_word' id='word_1_89' title='bbox 354 1259 411 1316; x_wconf 83' lang='lat' dir='ltr'><strong>ictu</strong></span> <span class='ocrx_word' id='word_1_90' title='bbox 431 1259 590 1336; x_wconf 74' lang='lat' dir='ltr'><strong>scorpionis</strong></span> <span class='ocrx_word' id='word_1_91' title='bbox 604 1259 766 1317; x_wconf 87' lang='lat' dir='ltr'><strong>exanimato</strong></span> <span class='ocrx_word' id='word_1_92' title='bbox 787 1259 884 1326; x_wconf 87' lang='lat' dir='ltr'><strong>altero,</strong></span> <span class='ocrx_word' id='word_1_93' title='bbox 899 1259 1037 1317; x_wconf 88' lang='lat' dir='ltr'><strong>successit</strong></span> <span class='ocrx_word' id='word_1_94' title='bbox 1057 1259 1167 1328; x_wconf 84' lang='lat' dir='ltr'><strong>tertius,</strong></span> <span class='ocrx_word' id='word_1_95' title='bbox 1179 1270 1206 1316; x_wconf 89' lang='lat' dir='ltr'><strong>et</strong></span> <span class='ocrx_word' id='word_1_96' title='bbox 1275 1259 1276 1282; x_wconf 69' lang='lat'><em>³</em></span> 
     </span>
     <span class='ocr_line' id='line_1_13' title="bbox 225 1336 1206 1414; baseline -0.002 -16"><span class='ocrx_word' id='word_1_97' title='bbox 225 1340 309 1398; x_wconf 88' lang='lat' dir='ltr'><strong>tertio</strong></span> <span class='ocrx_word' id='word_1_98' title='bbox 327 1345 460 1414; x_wconf 82' lang='lat' dir='ltr'><strong>quartus3</strong></span> <span class='ocrx_word' id='word_1_99' title='bbox 482 1345 538 1398; x_wconf 84' lang='lat' dir='ltr'><strong>uec</strong></span> <span class='ocrx_word' id='word_1_100' title='bbox 557 1336 636 1414; x_wconf 78' lang='lat' dir='ltr'><strong>prius</strong></span> <span class='ocrx_word' id='word_1_101' title='bbox 657 1337 705 1394; x_wconf 92' lang='lat' dir='ltr'><strong>ille</strong></span> <span class='ocrx_word' id='word_1_102' title='bbox 724 1349 768 1395; x_wconf 88' lang='lat' dir='ltr'><strong>est</strong></span> <span class='ocrx_word' id='word_1_103' title='bbox 789 1357 807 1395; x_wconf 87' lang='lat' dir='ltr'><strong>a</strong></span> <span class='ocrx_word' id='word_1_104' title='bbox 826 1337 1082 1414; x_wconf 74' lang='lat' dir='ltr'><strong>propugnatoribus</strong></span> <span class='ocrx_word' id='word_1_105' title='bbox 1103 1357 1206 1396; x_wconf 90' lang='lat' dir='ltr'><strong>vacuus</strong></span> 
     </span>
     <span class='ocr_line' id='line_1_14' title="bbox 224 1415 1277 1492; baseline 0.001 -19"><span class='ocrx_word' id='word_1_106' title='bbox 224 1417 339 1473; x_wconf 86' lang='lat' dir='ltr'><strong>relictus</strong></span> <span class='ocrx_word' id='word_1_107' title='bbox 363 1415 453 1483; x_wconf 90' lang='lat' dir='ltr'><strong>locus,</strong></span> <span class='ocrx_word' id='word_1_108' title='bbox 481 1415 577 1491; x_wconf 70' lang='lat' dir='ltr'><strong>quim,</strong></span> <span class='ocrx_word' id='word_1_109' title='bbox 604 1416 740 1473; x_wconf 86' lang='lat' dir='ltr'><strong>restincto</strong></span> <span class='ocrx_word' id='word_1_110' title='bbox 754 1417 882 1492; x_wconf 82' lang='lat' dir='ltr'><strong>aggere,</strong></span> <span class='ocrx_word' id='word_1_111' title='bbox 911 1423 995 1492; x_wconf 83' lang='lat' dir='ltr'><strong>atque</strong></span> <span class='ocrx_word' id='word_1_112' title='bbox 1018 1416 1097 1472; x_wconf 89' lang='lat' dir='ltr'><strong>omni</strong></span> <span class='ocrx_word' id='word_1_113' title='bbox 1127 1427 1207 1491; x_wconf 80' lang='lat' dir='ltr'><strong>purte</strong></span> <span class='ocrx_word' id='word_1_114' title='bbox 1272 1470 1277 1484; x_wconf 78' lang='grc'>,</span> 
     </span>
     <span class='ocr_line' id='line_1_15' title="bbox 223 1493 933 1572; baseline 0.003 -22"><span class='ocrx_word' id='word_1_115' title='bbox 223 1493 360 1552; x_wconf 77' lang='lat' dir='ltr'><strong>submotis</strong></span> <span class='ocrx_word' id='word_1_116' title='bbox 373 1493 511 1561; x_wconf 80' lang='lat' dir='ltr'><strong>hostibus,</strong></span> <span class='ocrx_word' id='word_1_117' title='bbox 525 1494 591 1552; x_wconf 87' lang='lat' dir='ltr'><strong>finis</strong></span> <span class='ocrx_word' id='word_1_118' title='bbox 604 1501 650 1552; x_wconf 86' lang='lat' dir='ltr'><strong>est</strong></span> <span class='ocrx_word' id='word_1_119' title='bbox 659 1495 808 1572; x_wconf 87' lang='lat' dir='ltr'><strong>pugnandi</strong></span> <span class='ocrx_word' id='word_1_120' title='bbox 822 1495 933 1552; x_wconf 84' lang='lat' dir='ltr'><strong>sactus.-</strong></span> 
     </span>
     <span class='ocr_line' id='line_1_16' title="bbox 180 1570 1206 1649; baseline 0.002 -18"><span class='ocrx_word' id='word_1_121' title='bbox 180 1575 214 1632; x_wconf 79' lang='lat' dir='ltr'><strong>tt</strong></span> <span class='ocrx_word' id='word_1_122' title='bbox 262 1570 378 1630; x_wconf 88' lang='lat' dir='ltr'>XXVI.</span> <span class='ocrx_word' id='word_1_123' title='bbox 418 1571 528 1629; x_wconf 89' lang='lat' dir='ltr'><strong>Omnia</strong></span> <span class='ocrx_word' id='word_1_124' title='bbox 540 1573 649 1648; x_wconf 83' lang='lat' dir='ltr'><strong>experti</strong></span> <span class='ocrx_word' id='word_1_125' title='bbox 668 1573 755 1640; x_wconf 87' lang='lat' dir='ltr'><strong>Galli,</strong></span> <span class='ocrx_word' id='word_1_126' title='bbox 777 1571 854 1649; x_wconf 76' lang='lat' dir='ltr'><strong>quod</strong></span> <span class='ocrx_word' id='word_1_127' title='bbox 869 1593 915 1630; x_wconf 89' lang='lat' dir='ltr'><strong>res</strong></span> <span class='ocrx_word' id='word_1_128' title='bbox 928 1573 1008 1630; x_wconf 91' lang='lat' dir='ltr'><strong>nulla</strong></span> <span class='ocrx_word' id='word_1_129' title='bbox 1021 1575 1206 1643; x_wconf 84' lang='lat' dir='ltr'><strong>successerat,</strong></span> 
     </span>
     <span class='ocr_line' id='line_1_17' title="bbox 223 1650 1277 1728; baseline 0.001 -19"><span class='ocrx_word' id='word_1_130' title='bbox 223 1661 336 1727; x_wconf 85' lang='lat' dir='ltr'><strong>postero</strong></span> <span class='ocrx_word' id='word_1_131' title='bbox 355 1650 402 1710; x_wconf 86' lang='lat' dir='ltr'><strong>die</strong></span> <span class='ocrx_word' id='word_1_132' title='bbox 415 1650 568 1708; x_wconf 89' lang='lat' dir='ltr'><strong>consilium</strong></span> <span class='ocrx_word' id='word_1_133' title='bbox 581 1662 720 1726; x_wconf 87' lang='lat' dir='ltr'><strong>ceperunt</strong></span> <span class='ocrx_word' id='word_1_134' title='bbox 732 1670 769 1708; x_wconf 81' lang='lat' dir='ltr'><strong>ex</strong></span> <span class='ocrx_word' id='word_1_135' title='bbox 787 1651 892 1728; x_wconf 88' lang='lat' dir='ltr'><strong>oppido</strong></span> <span class='ocrx_word' id='word_1_136' title='bbox 904 1650 1064 1728; x_wconf 77' lang='lat' dir='ltr'><strong>profugere,</strong></span> <span class='ocrx_word' id='word_1_137' title='bbox 1079 1653 1207 1711; x_wconf 78' lang='lat' dir='ltr'><strong>hortante</strong></span> <span class='ocrx_word' id='word_1_138' title='bbox 1275 1678 1277 1710; x_wconf 60' lang='lat' dir='ltr'><strong>r</strong></span> 
     </span>
     <span class='ocr_line' id='line_1_18' title="bbox 225 1723 1277 1806; baseline 0.007 -19"><span class='ocrx_word' id='word_1_139' title='bbox 225 1741 255 1788; x_wconf 88' lang='lat' dir='ltr'><strong>et</strong></span> <span class='ocrx_word' id='word_1_140' title='bbox 272 1729 389 1806; x_wconf 83' lang='lat' dir='ltr'><strong>jubente</strong></span> <span class='ocrx_word' id='word_1_141' title='bbox 410 1729 656 1806; x_wconf 86' lang='lat' dir='ltr'><strong>Vercingetorige.</strong></span> <span class='ocrx_word' id='word_1_142' title='bbox 705 1729 751 1801; x_wconf 91' lang='lat' dir='ltr'><strong>Id,</strong></span> <span class='ocrx_word' id='word_1_143' title='bbox 772 1723 885 1787; x_wconf 86' lang='lat' dir='ltr'><strong>silentio</strong></span> <span class='ocrx_word' id='word_1_144' title='bbox 908 1731 1003 1787; x_wconf 88' lang='lat' dir='ltr'><strong>noctis</strong></span> <span class='ocrx_word' id='word_1_145' title='bbox 1022 1731 1129 1798; x_wconf 87' lang='lat' dir='ltr'><strong>conati,</strong></span> <span class='ocrx_word' id='word_1_146' title='bbox 1151 1751 1206 1790; x_wconf 91' lang='lat' dir='ltr'><strong>nou</strong></span> <span class='ocrx_word' id='word_1_147' title='bbox 1276 1787 1277 1794; x_wconf 72' lang='grc'>,</span> 
     </span>
     <span class='ocr_line' id='line_1_19' title="bbox 224 1807 1277 1886; baseline 0.002 -20"><span class='ocrx_word' id='word_1_148' title='bbox 224 1807 328 1884; x_wconf 78' lang='lat' dir='ltr'><strong>magud</strong></span> <span class='ocrx_word' id='word_1_149' title='bbox 344 1807 458 1883; x_wconf 67' lang='lat' dir='ltr'><strong>jacturis</strong></span> <span class='ocrx_word' id='word_1_150' title='bbox 482 1827 597 1866; x_wconf 87' lang='lat' dir='ltr'><strong>suorum</strong></span> <span class='ocrx_word' id='word_1_151' title='bbox 617 1827 680 1868; x_wconf 86' lang='lat' dir='ltr'><strong>sese</strong></span> <span class='ocrx_word' id='word_1_152' title='bbox 700 1809 852 1866; x_wconf 85' lang='lat' dir='ltr'><strong>effecturos</strong></span> <span class='ocrx_word' id='word_1_153' title='bbox 872 1809 1043 1884; x_wconf 81' lang='lat' dir='ltr'><strong>sperabaut3</strong></span> <span class='ocrx_word' id='word_1_154' title='bbox 1063 1820 1208 1886; x_wconf 87' lang='lat' dir='ltr'><strong>propterea</strong></span> <span class='ocrx_word' id='word_1_155' title='bbox 1276 1875 1277 1880; x_wconf 9' lang='grc' dir='ltr'>η</span> 
     </span>
     <span class='ocr_line' id='line_1_20' title="bbox 223 1885 1278 1964; baseline 0.004 -21"><span class='ocrx_word' id='word_1_156' title='bbox 223 1885 300 1961; x_wconf 83' lang='lat' dir='ltr'><strong>qudd</strong></span> <span class='ocrx_word' id='word_1_157' title='bbox 320 1903 413 1962; x_wconf 88' lang='lat' dir='ltr'><strong>neque</strong></span> <span class='ocrx_word' id='word_1_158' title='bbox 434 1886 520 1964; x_wconf 73' lang='lat' dir='ltr'><strong>longe</strong></span> <span class='ocrx_word' id='word_1_159' title='bbox 535 1888 571 1944; x_wconf 91' lang='lat' dir='ltr'><strong>ab</strong></span> <span class='ocrx_word' id='word_1_160' title='bbox 585 1887 690 1963; x_wconf 91' lang='lat' dir='ltr'><strong>oppido</strong></span> <span class='ocrx_word' id='word_1_161' title='bbox 708 1897 801 1944; x_wconf 88' lang='lat' dir='ltr'><strong>castra</strong></span> <span class='ocrx_word' id='word_1_162' title='bbox 814 1887 1061 1963; x_wconf 78' lang='lat' dir='ltr'><strong>Vercingetorigis</strong></span> <span class='ocrx_word' id='word_1_163' title='bbox 1082 1888 1207 1956; x_wconf 86' lang='lat' dir='ltr'><strong>aberant,</strong></span> <span class='ocrx_word' id='word_1_164' title='bbox 1274 1927 1278 1954; x_wconf 55' lang='lat' dir='ltr'><strong>t</strong></span> 
     </span>
     <span class='ocr_line' id='line_1_21' title="bbox 179 1965 1278 2072; baseline 0.002 -48"><span class='ocrx_word' id='word_1_165' title='bbox 179 1969 253 2024; x_wconf 62' lang='lat' dir='ltr'><strong>met</strong></span> <span class='ocrx_word' id='word_1_166' title='bbox 274 1965 356 2040; x_wconf 90' lang='lat' dir='ltr'><strong>palus</strong></span> <span class='ocrx_word' id='word_1_167' title='bbox 375 1977 523 2042; x_wconf 87' lang='lat' dir='ltr'><strong>perpetua,</strong></span> <span class='ocrx_word' id='word_1_168' title='bbox 537 1985 600 2042; x_wconf 83' lang='lat' dir='ltr'><strong>quae</strong></span> <span class='ocrx_word' id='word_1_169' title='bbox 621 1965 826 2033; x_wconf 86' lang='lat' dir='ltr'><strong>intercedebat,</strong></span> <span class='ocrx_word' id='word_1_170' title='bbox 840 1965 990 2023; x_wconf 87' lang='lat' dir='ltr'><strong>Romanos</strong></span> <span class='ocrx_word' id='word_1_171' title='bbox 1010 1967 1047 2023; x_wconf 85' lang='lat' dir='ltr'><strong>sd</strong></span> <span class='ocrx_word' id='word_1_172' title='bbox 1062 1966 1209 2042; x_wconf 88' lang='lat' dir='ltr'><strong>insequen·</strong></span> <span class='ocrx_word' id='word_1_173' title='bbox 1274 1966 1278 2072; x_wconf 73' lang='grc'>1</span> 
     </span>
     <span class='ocr_line' id='line_1_22' title="bbox 224 2044 1278 2121; baseline 0.005 -20"><span class='ocrx_word' id='word_1_174' title='bbox 224 2044 292 2101; x_wconf 88' lang='lat' dir='ltr'><strong>dum</strong></span> <span class='ocrx_word' id='word_1_175' title='bbox 311 2044 452 2104; x_wconf 77' lang='lat' dir='ltr'><strong>tardabat.</strong></span> <span class='ocrx_word' id='word_1_176' title='bbox 493 2045 615 2119; x_wconf 84' lang='lat' dir='ltr'><strong>Jamque</strong></span> <span class='ocrx_word' id='word_1_177' title='bbox 629 2045 684 2102; x_wconf 92' lang='lat' dir='ltr'><strong>hoc</strong></span> <span class='ocrx_word' id='word_1_178' title='bbox 704 2045 800 2102; x_wconf 71' lang='lat' dir='ltr'><strong>facem</strong></span> <span class='ocrx_word' id='word_1_179' title='bbox 813 2055 901 2102; x_wconf 89' lang='lat' dir='ltr'><strong>noctu</strong></span> <span class='ocrx_word' id='word_1_180' title='bbox 923 2045 1108 2121; x_wconf 73' lang='lat' dir='ltr'><strong>apparabant,</strong></span> <span class='ocrx_word' id='word_1_181' title='bbox 1121 2065 1207 2121; x_wconf 88' lang='lat' dir='ltr'><strong>quum</strong></span> <span class='ocrx_word' id='word_1_182' title='bbox 1277 2081 1278 2106; x_wconf 60' lang='lat'>2</span> 
     </span>
     <span class='ocr_line' id='line_1_23' title="bbox 224 2119 1279 2200; baseline 0.005 -22"><span class='ocrx_word' id='word_1_183' title='bbox 224 2132 329 2179; x_wconf 72' lang='lat' dir='ltr'><strong>manes</strong></span> <span class='ocrx_word' id='word_1_184' title='bbox 347 2123 461 2182; x_wconf 77' lang='lat' dir='ltr'><strong>familie</strong></span> <span class='ocrx_word' id='word_1_185' title='bbox 482 2123 600 2200; x_wconf 75' lang='lat' dir='ltr'><strong>repente</strong></span> <span class='ocrx_word' id='word_1_186' title='bbox 614 2123 644 2180; x_wconf 90' lang='lat' dir='ltr'><strong>in</strong></span> <span class='ocrx_word' id='word_1_187' title='bbox 658 2122 803 2198; x_wconf 89' lang='lat' dir='ltr'><strong>publicum</strong></span> <span class='ocrx_word' id='word_1_188' title='bbox 817 2133 1028 2199; x_wconf 86' lang='lat' dir='ltr'><strong>procurrerunt,</strong></span> <span class='ocrx_word' id='word_1_189' title='bbox 1043 2123 1207 2200; x_wconf 86' lang='lat' dir='ltr'><strong>flentesque,</strong></span> <span class='ocrx_word' id='word_1_190' title='bbox 1278 2119 1279 2128; x_wconf 42' lang='lat'>¹</span> 
     </span>
     <span class='ocr_line' id='line_1_24' title="bbox 221 2201 1208 2278; baseline 0.004 -20"><span class='ocrx_word' id='word_1_191' title='bbox 221 2201 356 2277; x_wconf 70' lang='lat' dir='ltr'><strong>projectu</strong></span> <span class='ocrx_word' id='word_1_192' title='bbox 377 2204 414 2259; x_wconf 86' lang='lat' dir='ltr'><strong>sd</strong></span> <span class='ocrx_word' id='word_1_193' title='bbox 427 2203 515 2278; x_wconf 86' lang='lat' dir='ltr'><strong>pedes</strong></span> <span class='ocrx_word' id='word_1_194' title='bbox 526 2220 652 2268; x_wconf 84' lang='lat' dir='ltr'><strong>suorum,</strong></span> <span class='ocrx_word' id='word_1_195' title='bbox 666 2201 800 2259; x_wconf 90' lang='lat' dir='ltr'><strong>omnibus</strong></span> <span class='ocrx_word' id='word_1_196' title='bbox 811 2201 945 2278; x_wconf 89' lang='lat' dir='ltr'><strong>precibus</strong></span> <span class='ocrx_word' id='word_1_197' title='bbox 960 2201 1114 2278; x_wconf 87' lang='lat' dir='ltr'><strong>petierunt,</strong></span> <span class='ocrx_word' id='word_1_198' title='bbox 1128 2223 1167 2262; x_wconf 92' lang='lat' dir='ltr'><strong>ne</strong></span> <span class='ocrx_word' id='word_1_199' title='bbox 1179 2223 1208 2262; x_wconf 85' lang='lat' dir='ltr'><strong>se</strong></span> 
     </span>
     <span class='ocr_line' id='line_1_25' title="bbox 222 2279 1280 2360; baseline 0.006 -25"><span class='ocrx_word' id='word_1_200' title='bbox 222 2289 251 2335; x_wconf 90' lang='lat' dir='ltr'><strong>et</strong></span> <span class='ocrx_word' id='word_1_201' title='bbox 272 2297 440 2338; x_wconf 89' lang='lat' dir='ltr'><strong>communes</strong></span> <span class='ocrx_word' id='word_1_202' title='bbox 460 2281 564 2338; x_wconf 84' lang='lat' dir='ltr'><strong>liberos</strong></span> <span class='ocrx_word' id='word_1_203' title='bbox 584 2279 712 2338; x_wconf 87' lang='lat' dir='ltr'><strong>hostibus</strong></span> <span class='ocrx_word' id='word_1_204' title='bbox 730 2282 766 2338; x_wconf 88' lang='lat' dir='ltr'><strong>ad</strong></span> <span class='ocrx_word' id='word_1_205' title='bbox 787 2280 957 2357; x_wconf 89' lang='lat' dir='ltr'><strong>supplicium</strong></span> <span class='ocrx_word' id='word_1_206' title='bbox 978 2281 1126 2350; x_wconf 86' lang='lat' dir='ltr'><strong>dederent,</strong></span> <span class='ocrx_word' id='word_1_207' title='bbox 1140 2301 1209 2358; x_wconf 88' lang='lat' dir='ltr'><strong>quos</strong></span> <span class='ocrx_word' id='word_1_208' title='bbox 1279 2321 1280 2360; x_wconf 48' lang='lat'><strong>,</strong></span> 
     </span>
     <span class='ocr_line' id='line_1_26' title="bbox 176 2358 1281 2436; baseline 0.005 -22"><span class='ocrx_word' id='word_1_209' title='bbox 176 2358 259 2414; x_wconf 74' lang='lat' dir='ltr'><strong>stud</strong></span> <span class='ocrx_word' id='word_1_210' title='bbox 277 2360 448 2435; x_wconf 85' lang='lat' dir='ltr'><strong>capiendam</strong></span> <span class='ocrx_word' id='word_1_211' title='bbox 469 2361 565 2435; x_wconf 84' lang='lat' dir='ltr'><strong>sugam</strong></span> <span class='ocrx_word' id='word_1_212' title='bbox 586 2369 695 2417; x_wconf 83' lang='lat' dir='ltr'><strong>nuturae</strong></span> <span class='ocrx_word' id='word_1_213' title='bbox 716 2370 745 2418; x_wconf 87' lang='lat' dir='ltr'><strong>et</strong></span> <span class='ocrx_word' id='word_1_214' title='bbox 765 2360 867 2417; x_wconf 89' lang='lat' dir='ltr'><strong>virium</strong></span> <span class='ocrx_word' id='word_1_215' title='bbox 881 2359 1030 2417; x_wconf 87' lang='lat' dir='ltr'><strong>iufirmitas</strong></span> <span class='ocrx_word' id='word_1_216' title='bbox 1052 2359 1209 2436; x_wconf 82' lang='lat' dir='ltr'><strong>impediret.</strong></span> <span class='ocrx_word' id='word_1_217' title='bbox 1276 2363 1281 2425; x_wconf 85' lang='lat' dir='ltr'><strong>l</strong></span> 
     </span>
     <span class='ocr_line' id='line_1_27' title="bbox 222 2435 1209 2515; baseline 0.005 -22"><span class='ocrx_word' id='word_1_218' title='bbox 222 2435 279 2493; x_wconf 90' lang='lat' dir='ltr'><strong>Ubi</strong></span> <span class='ocrx_word' id='word_1_219' title='bbox 300 2457 350 2496; x_wconf 90' lang='lat' dir='ltr'><strong>eos</strong></span> <span class='ocrx_word' id='word_1_220' title='bbox 370 2437 400 2495; x_wconf 90' lang='lat' dir='ltr'><strong>in</strong></span> <span class='ocrx_word' id='word_1_221' title='bbox 419 2438 562 2496; x_wconf 76' lang='lat' dir='ltr'><strong>sententiat</strong></span> <span class='ocrx_word' id='word_1_222' title='bbox 581 2449 707 2515; x_wconf 83' lang='lat' dir='ltr'><strong>perstare</strong></span> <span class='ocrx_word' id='word_1_223' title='bbox 730 2436 970 2512; x_wconf 70' lang='lat' dir='ltr'><strong>viderunt,«quhd</strong></span> <span class='ocrx_word' id='word_1_224' title='bbox 990 2437 1159 2514; x_wconf 78' lang='lat' dir='ltr'><strong>plerumque</strong></span> <span class='ocrx_word' id='word_1_225' title='bbox 1180 2440 1209 2498; x_wconf 89' lang='lat' dir='ltr'><strong>in</strong></span> 
     </span>
     <span class='ocr_line' id='line_1_28' title="bbox 221 2505 1209 2594; baseline 0.002 -19"><span class='ocrx_word' id='word_1_226' title='bbox 221 2533 334 2575; x_wconf 86' lang='lat' dir='ltr'><strong>summo</strong></span> <span class='ocrx_word' id='word_1_227' title='bbox 346 2518 474 2594; x_wconf 86' lang='lat' dir='ltr'><strong>periculo</strong></span> <span class='ocrx_word' id='word_1_228' title='bbox 487 2517 570 2574; x_wconf 91' lang='lat' dir='ltr'><strong>timor</strong></span> <span class='ocrx_word' id='word_1_229' title='bbox 583 2505 807 2575; x_wconf 72' lang='lat' dir='ltr'><strong>mihericordiam</strong></span> <span class='ocrx_word' id='word_1_230' title='bbox 821 2536 879 2575; x_wconf 92' lang='lat' dir='ltr'><strong>non</strong></span> <span class='ocrx_word' id='word_1_231' title='bbox 892 2515 1004 2592; x_wconf 79' lang='lat' dir='ltr'><strong>resipit,</strong></span> <span class='ocrx_word' id='word_1_232' title='bbox 1018 2518 1209 2587; x_wconf 90' lang='lat' dir='ltr'><strong>conclamare,</strong></span> 
     </span>
     <span class='ocr_line' id='line_1_29' title="bbox 221 2594 1279 2673; baseline 0 -23"><span class='ocrx_word' id='word_1_233' title='bbox 221 2601 251 2650; x_wconf 90' lang='lat' dir='ltr'><strong>et</strong></span> <span class='ocrx_word' id='word_1_234' title='bbox 282 2594 447 2670; x_wconf 81' lang='lat' dir='ltr'><strong>significare</strong></span> <span class='ocrx_word' id='word_1_235' title='bbox 471 2598 507 2655; x_wconf 89' lang='lat' dir='ltr'><strong>de</strong></span> <span class='ocrx_word' id='word_1_236' title='bbox 534 2597 603 2673; x_wconf 73' lang='lat' dir='ltr'><strong>fugi</strong></span> <span class='ocrx_word' id='word_1_237' title='bbox 636 2596 777 2654; x_wconf 85' lang='lat' dir='ltr'><strong>Romanis</strong></span> <span class='ocrx_word' id='word_1_238' title='bbox 800 2605 956 2672; x_wconf 86' lang='lat' dir='ltr'><strong>coepsruut.</strong></span> <span class='ocrx_word' id='word_1_239' title='bbox 1009 2595 1080 2657; x_wconf 79' lang='lat' dir='ltr'><strong>Quo</strong></span> <span class='ocrx_word' id='word_1_240' title='bbox 1109 2596 1211 2658; x_wconf 89' lang='lat' dir='ltr'><strong>t&#39;uno&#39;re</strong></span> <span class='ocrx_word' id='word_1_241' title='bbox 1278 2611 1279 2650; x_wconf 42' lang='grc' dir='ltr'>Τ</span> 
     </span>
     <span class='ocr_line' id='line_1_30' title="bbox 221 2673 1211 2751; baseline 0.005 -22"><span class='ocrx_word' id='word_1_242' title='bbox 221 2673 362 2748; x_wconf 82' lang='lat' dir='ltr'><strong>perterriti</strong></span> <span class='ocrx_word' id='word_1_243' title='bbox 372 2675 459 2744; x_wconf 85' lang='lat' dir='ltr'><strong>Galli,</strong></span> <span class='ocrx_word' id='word_1_244' title='bbox 471 2697 508 2734; x_wconf 90' lang='lat' dir='ltr'><strong>ne</strong></span> <span class='ocrx_word' id='word_1_245' title='bbox 520 2676 556 2733; x_wconf 86' lang='lat' dir='ltr'><strong>ab</strong></span> <span class='ocrx_word' id='word_1_246' title='bbox 566 2675 692 2751; x_wconf 88' lang='lat' dir='ltr'><strong>equitatu</strong></span> <span class='ocrx_word' id='word_1_247' title='bbox 706 2675 904 2733; x_wconf 87' lang='lat' dir='ltr'><strong>Romanorum</strong></span> <span class='ocrx_word' id='word_1_248' title='bbox 914 2674 967 2732; x_wconf 85' lang='lat' dir='ltr'><strong>viae</strong></span> <span class='ocrx_word' id='word_1_249' title='bbox 977 2693 1211 2750; x_wconf 78' lang='lat' dir='ltr'><strong>preoccuparen-</strong></span> 
     </span>
     <span class='ocr_line' id='line_1_31' title="bbox 179 2751 1280 2818; baseline 0.007 -11"><span class='ocrx_word' id='word_1_250' title='bbox 179 2751 276 2818; x_wconf 69' lang='lat' dir='ltr'><strong>ffltur,</strong></span> <span class='ocrx_word' id='word_1_251' title='bbox 290 2751 410 2812; x_wconf 88' lang='lat' dir='ltr'><strong>consilio</strong></span> <span class='ocrx_word' id='word_1_252' title='bbox 424 2755 601 2814; x_wconf 88' lang='lat' dir='ltr'><strong>destiterunt.</strong></span> <span class='ocrx_word' id='word_1_253' title='bbox 656 2769 660 2774; x_wconf 85' lang='grc'>·</span> <span class='ocrx_word' id='word_1_254' title='bbox 1279 2769 1280 2777; x_wconf 75' lang='grc'>’</span> 
     </span>
     <span class='ocr_line' id='line_1_32' title="bbox 163 2812 1212 2910; baseline 0.007 -25"><span class='ocrx_word' id='word_1_255' title='bbox 163 2812 215 2866; x_wconf 40' lang='grc' dir='ltr'><em>Ὢ</em></span> <span class='ocrx_word' id='word_1_256' title='bbox 260 2829 393 2890; x_wconf 88' lang='lat' dir='ltr'>XXVII.</span> <span class='ocrx_word' id='word_1_257' title='bbox 435 2834 552 2891; x_wconf 86' lang='lat' dir='ltr'><strong>Postero</strong></span> <span class='ocrx_word' id='word_1_258' title='bbox 578 2833 624 2890; x_wconf 92' lang='lat' dir='ltr'><strong>die</strong></span> <span class='ocrx_word' id='word_1_259' title='bbox 645 2832 753 2900; x_wconf 80' lang='lat' dir='ltr'><strong>Gaesar,</strong></span> <span class='ocrx_word' id='word_1_260' title='bbox 775 2833 904 2908; x_wconf 73' lang='lat' dir='ltr'><strong>promott</strong></span> <span class='ocrx_word' id='word_1_261' title='bbox 930 2833 1010 2900; x_wconf 88' lang='lat' dir='ltr'><strong>turri,</strong></span> <span class='ocrx_word' id='word_1_262' title='bbox 1037 2831 1212 2910; x_wconf 86' lang='lat' dir='ltr'><strong>directisque</strong></span> 
     </span>
     <span class='ocr_line' id='line_1_33' title="bbox 221 2907 1279 3049; baseline 0.005 -5"><span class='ocrx_word' id='word_1_263' title='bbox 221 2907 451 3046; x_wconf 59' lang='lat' dir='ltr'><strong>ilihii’i‘lil</strong></span> <span class='ocrx_word' id='word_1_264' title='bbox 468 2910 1211 3049; x_wconf 49' lang='lat' dir='ltr'><strong>illim,milll‘mlslllfflhim‘siaiibihlli</strong></span> <span class='ocrx_word' id='word_1_265' title='bbox 1277 3009 1279 3024; x_wconf 74' lang='lat'>‹</span> 
     </span>
     <span class='ocr_line' id='line_1_34' title="bbox 221 3009 1279 3146; baseline 0.004 -24"><span class='ocrx_word' id='word_1_266' title='bbox 221 3074 277 3132; x_wconf 89' lang='lat' dir='ltr'><strong>tus,</strong></span> <span class='ocrx_word' id='word_1_267' title='bbox 291 3063 369 3140; x_wconf 75' lang='lat' dir='ltr'><strong>quod</strong></span> <span class='ocrx_word' id='word_1_268' title='bbox 379 3065 465 3143; x_wconf 82' lang='lat' dir='ltr'><strong>paulh</strong></span> <span class='ocrx_word' id='word_1_269' title='bbox 477 3009 621 3128; x_wconf 56' lang='lat' dir='ltr'><strong>innabiibi</strong></span> <span class='ocrx_word' id='word_1_270' title='bbox 631 3011 775 3128; x_wconf 68' lang='lat' dir='ltr'><strong>eusebius</strong></span> <span class='ocrx_word' id='word_1_271' title='bbox 789 3070 818 3127; x_wconf 89' lang='lat' dir='ltr'><strong>in</strong></span> <span class='ocrx_word' id='word_1_272' title='bbox 831 3011 914 3128; x_wconf 54' lang='lat' dir='ltr'><strong>Xuro</strong></span> <span class='ocrx_word' id='word_1_273' title='bbox 923 3009 1075 3146; x_wconf 49' lang='lat' dir='ltr'><strong>diipositas</strong></span> <span class='ocrx_word' id='word_1_274' title='bbox 1085 3068 1211 3137; x_wconf 90' lang='lat' dir='ltr'><strong>videbat,</strong></span> <span class='ocrx_word' id='word_1_275' title='bbox 1277 3042 1279 3097; x_wconf 60' lang='lat'><strong>¹]</strong></span> 
     </span>
     <span class='ocr_line' id='line_1_35' title="bbox 177 3100 1280 3226; baseline 0.004 -26"><span class='ocrx_word' id='word_1_276' title='bbox 177 3145 288 3202; x_wconf 58' lang='lat' dir='ltr'><strong>abacos</strong></span> <span class='ocrx_word' id='word_1_277' title='bbox 308 3165 420 3222; x_wconf 89' lang='lat' dir='ltr'><strong>quoque</strong></span> <span class='ocrx_word' id='word_1_278' title='bbox 440 3145 606 3221; x_wconf 77' lang='lat' dir='ltr'><strong>languidius</strong></span> <span class='ocrx_word' id='word_1_279' title='bbox 619 3147 648 3204; x_wconf 89' lang='lat' dir='ltr'><strong>in</strong></span> <span class='ocrx_word' id='word_1_280' title='bbox 670 3167 755 3223; x_wconf 89' lang='lat' dir='ltr'><strong>opere</strong></span> <span class='ocrx_word' id='word_1_281' title='bbox 775 3149 880 3226; x_wconf 74' lang='lat' dir='ltr'><strong>versari</strong></span> <span class='ocrx_word' id='word_1_282' title='bbox 898 3148 991 3224; x_wconf 84' lang='lat' dir='ltr'><strong>jussit,</strong></span> <span class='ocrx_word' id='word_1_283' title='bbox 1006 3157 1045 3220; x_wconf 88' lang='lat' dir='ltr'><strong>et,</strong></span> <span class='ocrx_word' id='word_1_284' title='bbox 1057 3147 1128 3222; x_wconf 86' lang='lat' dir='ltr'><strong>quid</strong></span> <span class='ocrx_word' id='word_1_285' title='bbox 1150 3148 1213 3206; x_wconf 87' lang='lat' dir='ltr'><strong>fieri</strong></span> <span class='ocrx_word' id='word_1_286' title='bbox 1277 3100 1280 3202; x_wconf 72' lang='lat' dir='ltr'><strong>i</strong></span> 
     </span>
     <span class='ocr_line' id='line_1_36' title="bbox 224 3221 1280 3302; baseline 0.008 -23"><span class='ocrx_word' id='word_1_287' title='bbox 224 3221 316 3290; x_wconf 76' lang='lat' dir='ltr'><strong>velet,</strong></span> <span class='ocrx_word' id='word_1_288' title='bbox 329 3223 468 3282; x_wconf 85' lang='lat' dir='ltr'><strong>ostendit.</strong></span> <span class='ocrx_word' id='word_1_289' title='bbox 511 3223 653 3298; x_wconf 87' lang='lat' dir='ltr'><strong>Legiones</strong></span> <span class='ocrx_word' id='word_1_290' title='bbox 674 3226 749 3283; x_wconf 86' lang='lat' dir='ltr'><strong>intra</strong></span> <span class='ocrx_word' id='word_1_291' title='bbox 762 3226 859 3285; x_wconf 86' lang='lat' dir='ltr'><strong>vineas</strong></span> <span class='ocrx_word' id='word_1_292' title='bbox 880 3227 910 3284; x_wconf 91' lang='lat' dir='ltr'><strong>in</strong></span> <span class='ocrx_word' id='word_1_293' title='bbox 929 3226 1045 3285; x_wconf 87' lang='lat' dir='ltr'><strong>occulto</strong></span> <span class='ocrx_word' id='word_1_294' title='bbox 1064 3227 1214 3302; x_wconf 83' lang='lat' dir='ltr'><strong>expeditas</strong></span> <span class='ocrx_word' id='word_1_295' title='bbox 1278 3233 1280 3302; x_wconf 39' lang='grc' dir='ltr'>ζ</span> 
     </span>
     <span class='ocr_line' id='line_1_37' title="bbox 225 3301 1280 3376; baseline 0.004 -16"><span class='ocrx_word' id='word_1_296' title='bbox 225 3303 396 3370; x_wconf 88' lang='lat' dir='ltr'><strong>cohortatur,</strong></span> <span class='ocrx_word' id='word_1_297' title='bbox 411 3312 442 3359; x_wconf 93' lang='lat' dir='ltr'><strong>ut</strong></span> <span class='ocrx_word' id='word_1_298' title='bbox 455 3301 607 3375; x_wconf 89' lang='lat' dir='ltr'><strong>aliquando</strong></span> <span class='ocrx_word' id='word_1_299' title='bbox 619 3321 674 3376; x_wconf 90' lang='lat' dir='ltr'><strong>pro</strong></span> <span class='ocrx_word' id='word_1_300' title='bbox 683 3304 769 3362; x_wconf 86' lang='lat' dir='ltr'><strong>tantis</strong></span> <span class='ocrx_word' id='word_1_301' title='bbox 789 3305 934 3364; x_wconf 88' lang='lat' dir='ltr'><strong>laboribus</strong></span> <span class='ocrx_word' id='word_1_302' title='bbox 948 3307 1072 3364; x_wconf 89' lang='lat' dir='ltr'><strong>fructum</strong></span> <span class='ocrx_word' id='word_1_303' title='bbox 1085 3305 1214 3364; x_wconf 71' lang='lat' dir='ltr'><strong>victoria</strong></span> <span class='ocrx_word' id='word_1_304' title='bbox 1279 3311 1280 3314; x_wconf 71' lang='grc'>’</span> 
     </span>
     <span class='ocr_line' id='line_1_38' title="bbox 223 3379 1215 3460; baseline 0.004 -22"><span class='ocrx_word' id='word_1_305' title='bbox 223 3382 423 3457; x_wconf 82' lang='lat' dir='ltr'><strong>perciperent:</strong></span> <span class='ocrx_word' id='word_1_306' title='bbox 458 3379 511 3446; x_wconf 88' lang='lat' dir='ltr'><strong>his,</strong></span> <span class='ocrx_word' id='word_1_307' title='bbox 539 3380 586 3456; x_wconf 91' lang='lat' dir='ltr'><strong>qui</strong></span> <span class='ocrx_word' id='word_1_308' title='bbox 610 3380 693 3455; x_wconf 89' lang='lat' dir='ltr'><strong>primi</strong></span> <span class='ocrx_word' id='word_1_309' title='bbox 719 3401 832 3442; x_wconf 90' lang='lat' dir='ltr'><strong>murum</strong></span> <span class='ocrx_word' id='word_1_310' title='bbox 861 3385 1067 3450; x_wconf 82' lang='lat' dir='ltr'><strong>ascendissent,</strong></span> <span class='ocrx_word' id='word_1_311' title='bbox 1094 3385 1215 3460; x_wconf 70' lang='lat' dir='ltr'><strong>praemia</strong></span> 
     </span>
     <span class='ocr_line' id='line_1_39' title="bbox 222 3457 1281 3534; baseline 0.003 -18"><span class='ocrx_word' id='word_1_312' title='bbox 222 3460 379 3534; x_wconf 87' lang='lat' dir='ltr'><strong>proposuit,</strong></span> <span class='ocrx_word' id='word_1_313' title='bbox 392 3457 582 3533; x_wconf 87' lang='lat' dir='ltr'><strong>militibusque</strong></span> <span class='ocrx_word' id='word_1_314' title='bbox 597 3459 711 3534; x_wconf 83' lang='lat' dir='ltr'><strong>signum</strong></span> <span class='ocrx_word' id='word_1_315' title='bbox 731 3459 818 3518; x_wconf 87' lang='lat' dir='ltr'><strong>dedit.</strong></span> <span class='ocrx_word' id='word_1_316' title='bbox 860 3462 907 3520; x_wconf 91' lang='lat' dir='ltr'><strong>Illi</strong></span> <span class='ocrx_word' id='word_1_317' title='bbox 921 3461 1016 3520; x_wconf 77' lang='lat' dir='ltr'><strong>subito</strong></span> <span class='ocrx_word' id='word_1_318' title='bbox 1029 3463 1215 3519; x_wconf 85' lang='lat' dir='ltr'><strong>exomnibus</strong></span> <span class='ocrx_word' id='word_1_319' title='bbox 1280 3505 1281 3510; x_wconf 15' lang='grc' dir='ltr'><strong>κ</strong></span> 
     </span>
     <span class='ocr_line' id='line_1_40' title="bbox 185 3538 1115 3616; baseline 0.003 -22"><span class='ocrx_word' id='word_1_320' title='bbox 185 3539 215 3594; x_wconf 85' lang='lat' dir='ltr'><strong>tt</strong></span> <span class='ocrx_word' id='word_1_321' title='bbox 223 3539 353 3612; x_wconf 86' lang='lat' dir='ltr'><strong>partibus</strong></span> <span class='ocrx_word' id='word_1_322' title='bbox 365 3538 553 3608; x_wconf 86' lang='lat' dir='ltr'><strong>evolaverunt,</strong></span> <span class='ocrx_word' id='word_1_323' title='bbox 567 3556 736 3612; x_wconf 89' lang='lat' dir='ltr'><strong>murumque</strong></span> <span class='ocrx_word' id='word_1_324' title='bbox 749 3539 880 3597; x_wconf 89' lang='lat' dir='ltr'><strong>celeriter</strong></span> <span class='ocrx_word' id='word_1_325' title='bbox 893 3539 1115 3616; x_wconf 88' lang='lat' dir='ltr'><strong>compleverunt.</strong></span> 
     </span>
     <span class='ocr_line' id='line_1_41' title="bbox 200 3615 1215 3694; baseline 0 -19"><span class='ocrx_word' id='word_1_326' title='bbox 200 3625 201 3630; x_wconf 77' lang='grc'>’</span> <span class='ocrx_word' id='word_1_327' title='bbox 263 3615 414 3675; x_wconf 86' lang='lat' dir='ltr'>XXVIII.</span> <span class='ocrx_word' id='word_1_328' title='bbox 453 3615 568 3683; x_wconf 86' lang='lat' dir='ltr'><strong>Hostes,</strong></span> <span class='ocrx_word' id='word_1_329' title='bbox 594 3633 626 3672; x_wconf 88' lang='lat' dir='ltr'><strong>re</strong></span> <span class='ocrx_word' id='word_1_330' title='bbox 651 3617 725 3674; x_wconf 73' lang='lat' dir='ltr'><strong>novi</strong></span> <span class='ocrx_word' id='word_1_331' title='bbox 751 3618 902 3692; x_wconf 88' lang='lat' dir='ltr'><strong>perterriti,</strong></span> <span class='ocrx_word' id='word_1_332' title='bbox 926 3637 1008 3676; x_wconf 89' lang='lat' dir='ltr'><strong>muro</strong></span> <span class='ocrx_word' id='word_1_333' title='bbox 1031 3618 1215 3694; x_wconf 88' lang='lat' dir='ltr'><strong>turribusque</strong></span> 
     </span>
     <span class='ocr_line' id='line_1_42' title="bbox 186 3687 1281 3770; baseline 0.002 -20"><span class='ocrx_word' id='word_1_334' title='bbox 186 3717 189 3722; x_wconf 62' lang='lat'><strong><em>¹</em></strong></span> <span class='ocrx_word' id='word_1_335' title='bbox 227 3692 341 3770; x_wconf 78' lang='lat' dir='ltr'><strong>dejecti,</strong></span> <span class='ocrx_word' id='word_1_336' title='bbox 356 3696 386 3754; x_wconf 92' lang='lat' dir='ltr'><strong>in</strong></span> <span class='ocrx_word' id='word_1_337' title='bbox 407 3696 465 3752; x_wconf 86' lang='lat' dir='ltr'><strong>foro</strong></span> <span class='ocrx_word' id='word_1_338' title='bbox 478 3713 512 3751; x_wconf 89' lang='lat' dir='ltr'><strong>ac</strong></span> <span class='ocrx_word' id='word_1_339' title='bbox 532 3694 603 3751; x_wconf 89' lang='lat' dir='ltr'><strong>locis</strong></span> <span class='ocrx_word' id='word_1_340' title='bbox 622 3695 827 3770; x_wconf 88' lang='lat' dir='ltr'><strong>patentioribus</strong></span> <span class='ocrx_word' id='word_1_341' title='bbox 848 3696 994 3753; x_wconf 86' lang='lat' dir='ltr'><strong>cuneatim</strong></span> <span class='ocrx_word' id='word_1_342' title='bbox 1011 3697 1216 3764; x_wconf 88' lang='lat' dir='ltr'><strong>constiterunt,</strong></span> <span class='ocrx_word' id='word_1_343' title='bbox 1279 3687 1281 3700; x_wconf 83' lang='lat'>&#39;</span> 
     </span>
     <span class='ocr_line' id='line_1_43' title="bbox 229 3771 1280 3848; baseline -0.002 -16"><span class='ocrx_word' id='word_1_344' title='bbox 229 3773 283 3832; x_wconf 89' lang='lat' dir='ltr'><strong>boc</strong></span> <span class='ocrx_word' id='word_1_345' title='bbox 303 3775 409 3847; x_wconf 85' lang='lat' dir='ltr'><strong>animo,</strong></span> <span class='ocrx_word' id='word_1_346' title='bbox 423 3785 463 3841; x_wconf 93' lang='lat' dir='ltr'><strong>ut,</strong></span> <span class='ocrx_word' id='word_1_347' title='bbox 476 3773 499 3832; x_wconf 88' lang='lat' dir='ltr'><strong>si</strong></span> <span class='ocrx_word' id='word_1_348' title='bbox 512 3772 569 3846; x_wconf 75' lang='lat' dir='ltr'><strong>qud</strong></span> <span class='ocrx_word' id='word_1_349' title='bbox 581 3793 617 3831; x_wconf 86' lang='lat' dir='ltr'><strong>ex</strong></span> <span class='ocrx_word' id='word_1_350' title='bbox 636 3784 716 3848; x_wconf 85' lang='lat' dir='ltr'><strong>parte</strong></span> <span class='ocrx_word' id='word_1_351' title='bbox 729 3771 843 3830; x_wconf 75' lang='lat' dir='ltr'><strong>obvium</strong></span> <span class='ocrx_word' id='word_1_352' title='bbox 863 3772 963 3831; x_wconf 67' lang='lat' dir='ltr'><strong>contri</strong></span> <span class='ocrx_word' id='word_1_353' title='bbox 976 3774 1131 3842; x_wconf 90' lang='lat' dir='ltr'><strong>veniretur,</strong></span> <span class='ocrx_word' id='word_1_354' title='bbox 1151 3775 1218 3832; x_wconf 90' lang='lat' dir='ltr'><strong>acie</strong></span> <span class='ocrx_word' id='word_1_355' title='bbox 1279 3797 1280 3800; x_wconf 42' lang='lat'>¹</span> 
     </span>
     <span class='ocr_line' id='line_1_44' title="bbox 236 3849 1220 3932; baseline -0.004 -16"><span class='ocrx_word' id='word_1_356' title='bbox 236 3853 370 3916; x_wconf 69' lang='lat' dir='ltr'><strong>matructh</strong></span> <span class='ocrx_word' id='word_1_357' title='bbox 385 3853 585 3932; x_wconf 82' lang='lat' dir='ltr'><strong>depugnarent</strong></span> <span class='ocrx_word' id='word_1_358' title='bbox 627 3850 684 3906; x_wconf 92' lang='lat' dir='ltr'><strong>Ubi</strong></span> <span class='ocrx_word' id='word_1_359' title='bbox 703 3849 848 3906; x_wconf 86' lang='lat' dir='ltr'><strong>neminem</strong></span> <span class='ocrx_word' id='word_1_360' title='bbox 862 3850 893 3906; x_wconf 88' lang='lat' dir='ltr'><strong>in</strong></span> <span class='ocrx_word' id='word_1_361' title='bbox 907 3869 1020 3924; x_wconf 81' lang='lat' dir='ltr'><strong>aeanun</strong></span> <span class='ocrx_word' id='word_1_362' title='bbox 1040 3851 1138 3912; x_wconf 88' lang='lat' dir='ltr'><strong>locum</strong></span> <span class='ocrx_word' id='word_1_363' title='bbox 1151 3871 1220 3911; x_wconf 86' lang='lat' dir='ltr'><strong>sese</strong></span> 
     </span>
    </p>
   </div>
   <div class='ocr_carea' id='block_1_3' title="bbox 0 0 1308 4422">
    <p class='ocr_par' dir='ltr' id='par_1_3' title="bbox 0 0 1308 4422">
     <span class='ocr_line' id='line_1_45' title="bbox 0 0 1308 4422; baseline 0 0"><span class='ocrx_word' id='word_1_364' title='bbox 0 0 1308 4422; x_wconf 95' lang='lat' dir='ltr'><strong> </strong></span> 
     </span>
    </p>
   </div>
  </div>
 </body>
</html>
