2564 4422
422 321 533 376 um
547 321 713 384 eumuna.
831 363 863 384 ,,
1071 331 1111 390 ω
1221 313 1224 318 ’

68 467 164 528 dandi
177 457 364 544 ismaudique
379 467 470 526 causi
489 485 520 526 se
533 467 563 524 in
577 485 660 544 agros
680 465 849 535 effunderet,
862 467 995 528 omnibus
1008 467 1061 527 viis

67 548 152 606 notis
165 547 328 622 semitisque
341 546 502 604 essedarios
514 561 551 603 ex
563 545 649 622 sylvis
661 544 819 612 emittebat,
833 555 863 602 et
875 565 981 624 magno
993 567 1061 606 cum

67 625 201 702 periculo
221 635 383 683 nostrorum
404 624 531 699 equitum
551 642 619 682 cum
640 623 676 680 iis
696 621 879 700 confligebat,
902 635 984 700 atque
1006 627 1061 685 hnc

68 699 151 762 metu
177 701 265 762 latius
287 702 388 780 vagari
412 703 589 778 prohibebat
640 700 880 778 Relinquebatur,
907 714 939 761 ut
968 722 1073 780 neque.

69 780 188 858 longius
215 782 252 840 ab
279 782 395 858 agmine
422 781 568 856 legionum
590 779 702 838 discedi
729 779 827 840 Cesar
856 791 1008 857 pateretur,
1032 793 1062 840 et
1087 792 1106 844 5
1193 829 1198 848 ,

69 871 186 919 tautum
213 861 244 918 in
270 861 345 937 'egris
370 859 517 918 vastandis
543 858 741 934 incendiisque
768 859 908 918 iaciendis
934 860 1062 918 hostibus
1147 869 1153 878 '

70 949 238 1075 afficeretur,
265 950 401 1014 quantum
427 937 524 996 labore
551 948 635 1013 atque
659 937 760 996 itinere
786 937 935 1015 legionarii
957 938 1062 996 milites

70 1037 87 1075 e
121 1036 193 1077 cere
244 1028 344 1074 terant
544 1041 546 1045 ’

113 1095 190 1153 XX.
205 1037 351 1152 pinterim
376 1093 580 1161 Trinobantes,
603 1111 690 1169 prope
713 1093 875 1154 firmissima
900 1115 998 1156 earum
1018 1115 1063 1155 re-

71 1174 200 1252 gionum
224 1173 333 1241 civitas,
356 1191 392 1230 er
414 1173 469 1248 qui
491 1171 713 1230 Mandubracius
737 1171 912 1244 adolescens,
939 1174 1062 1235 Caesaris
1073 1183 1108 1238 10

71 1253 164 1312 fidem
175 1262 303 1320 secutru,
318 1251 428 1309 adeum
442 1251 471 1308 in
484 1251 681 1309 continentem
690 1250 814 1310 Gelliam
825 1264 950 1322 venerat,
966 1255 1062 1332 (cujus

71 1342 156 1408 pater
170 1329 372 1388 Imanuentius
391 1330 420 1388 in
434 1332 469 1388 es
482 1329 598 1388 civitate
611 1349 731 1406 regnum
744 1330 915 1401 obtinuerat,
930 1332 1063 1398 interiec-

72 1421 177 1485 tusque
201 1420 263 1468 erat
286 1429 304 1468 a
326 1409 562 1480 cassivellauno,
592 1408 653 1484 ipse
678 1410 746 1486 iugi
769 1421 888 1470 mortem
911 1411 1060 1491 vitaverat)

72 1489 187 1578 legatos
197 1489 234 1549 ad
244 1487 388 1546 cesarem
398 1488 525 1594 mittput‚
536 1487 771 1564 pollicenturque,
787 1501 867 1580 ‘sese
879 1489 908 1548 ei
917 1491 1063 1582 dedituros

73 1567 606 1722 ime
617 1567 1108 1737 uilissimorum

73 1725 484 1879 &tumulltu
499 1725 1062 1880 ltitffitlttlttllffldb

74 1882 123 1940 Illi
144 1882 284 1958 imperata
296 1883 427 1942 celeriter
441 1884 581 1952 iecerunt,
594 1881 710 1943 obsides
723 1883 759 1940 ad
775 1901 926 1941 numerum
940 1882 1064 1940 frumeu-

74 1971 162 2038 tsque
176 1962 323 2020 miserunt.
1071 1968 1109 2023 w

115 2039 203 2098 XXI.
244 2040 473 2100 Trinobantibus
499 2041 634 2110 defensis,
662 2051 745 2117 atque
770 2043 809 2100 ob
835 2040 918 2099 omni
941 2041 1064 2098 rnilitum

76 2117 182 2196 injurii
200 2119 359 2195 prohibitis,
374 2119 558 2196 Cenimagni,
574 2119 749 2196 Segontiaci,
764 2119 924 2196 Ancalites,
938 2118 1064 2188 Bibroci,

77 2197 171 2266 Cassi,
185 2198 376 2276 legationibus
396 2199 491 2257 missis
504 2217 567 2257 sese
586 2199 696 2258 Cesari
709 2201 826 2258 dedunt.
868 2199 917 2258 Ab
934 2199 979 2257 his
998 2217 1066 2276 cog·

76 2277 181 2345 noscit,
193 2281 253 2334 ivon
303 2277 361 2354 nge
382 2297 418 2336 er
438 2277 550 2338 soloce
569 2277 705 2354 oppidum
726 2278 933 2338 Cassivellauni
954 2279 1063 2348 abesse,

77 2355 163 2431 sylvis
189 2355 286 2431 paludi
345 2376 396 2438 'ue
421 2355 574 2426 munitum,
598 2355 655 2433 qud
679 2355 747 2415 satis
773 2376 894 2434 magnus
917 2358 1110 2420 hominumue

76 2434 244 2512 pecorisque
264 2439 400 2492 numerus
421 2434 595 2494 convenerit
638 2435 797 2514 (Oppidum
819 2447 914 2493 autem
934 2435 1066 2493 Britanni

78 2523 191 2578 vocant,
205 2531 293 2588 quum
314 2513 407 2590 sylvas
428 2514 579 2590 impeditas
595 2515 668 2572 vallo
689 2523 773 2589 atque
793 2514 868 2571 fossi
888 2512 1063 2580 muniemnt,

78 2590 135 2665 qub
147 2591 318 2650 incursionis
331 2593 456 2658 hostium
466 2593 589 2651 vitande
603 2593 691 2650 causi
700 2591 853 2650 convenire
864 2589 1064 2686 consuerunt)
1107 2610 1114 2628 r

78 2668 122 2727 Ed
136 2669 326 2745 proficiscitur
337 2680 404 2729 ctam
417 2671 594 2752 legionibus:
616 2672 710 2729 locum
721 2668 826 2746 reperit
837 2666 954 2744 egregie
962 2677 1065 2726 natura

80 2759 161 2824 atque
171 2763 258 2826 opere
268 2749 428 2820 munitum,
443 2755 545 2809 'tamen
560 2753 637 2808 huuc
651 2749 762 2807 duabus
774 2767 810 2806 ex
822 2746 950 2824 partibus
960 2753 1111 2822 oppugeu

78 2845 147 2884 nare
159 2828 318 2886 contendit.
361 2828 477 2897 Hostes,
490 2829 633 2908 paulisper
646 2826 757 2896 morati,
771 2825 894 2884 militum
907 2837 1065 2884 nostrorum

79 2905 216 2983 impetum
229 2925 290 2964 nou
304 2907 439 2975 tulemnt,
455 2926 573 2982 seseque
588 2906 644 2964 aliia
658 2925 695 2963 ex
707 2916 786 2981 parte
799 2905 896 2982 oppidi
909 2905 1065 2982 ejecerunt.

80 2981 205 3062 Magnus
226 2984 416 3074 ibi'uuraerus
428 2985 541 3074 pecoris
559 2994 697 3060 repertus,
711 2984 848 3059 multique
868 2984 898 3041 in
912 2984 981 3060 flagi
1000 2993 1067 3040 sunt

80 3065 605 3201 Qffiippmnqtgbpoetplgfplpstqoeis
622 3150 770 3216 geruntur,
785 3116 1017 3200 Cassivellaunus
1031 3142 1067 3198 ad
1076 3148 1113 3202 35

34 3271 40 3276 .
81 3220 227 3287 Cantium,
239 3219 315 3293 quod
325 3237 388 3277 esse
400 3219 435 3277 ad
446 3237 525 3278 mare
539 3217 625 3294 suprd
634 3218 900 3286 domonstravimus,
914 3220 1016 3293 quibus
1024 3237 1067 3272 re·

80 3299 213 3375 genibus
226 3308 347 3373 quatuor
360 3316 443 3374 reges
456 3307 606 3373 preerant,
621 3297 798 3374 Cingetorix,
813 3295 962 3360 Carvilius,
977 3293 1067 3349 Taxi-

79 3377 221 3454 magnius,
229 3377 374 3452 Segouax,
384 3376 506 3438 nuncios
513 3375 609 3443 mittit,
619 3385 703 3452 atque
711 3377 756 3436 his
763 3377 891 3449 imperat,
901 3369 951 3436 uti,
959 3371 1067 3429 coactis

79 3457 212 3514 omuibus
220 3453 322 3532 copiis,
331 3467 427 3514 eastra
434 3455 547 3514 navalia
555 3455 591 3512 de
600 3454 750 3531 improviso
758 3451 1068 3528 adoriantur'atqueop·

79 3527 1067 3684 dedititii-:llilllffltltlltldtltill‘
1078 3537 1114 3594 ⁴⁰

80 3705 153 3750 suos
166 3689 322 3750 incolumes
341 3634 546 3752 reduxerimt.p
564 3689 804 3754 Cassivellaunus,
818 3687 873 3744 hoo
886 3687 984 3765 prelio
996 3627 1069 3745 nqqp,

79 3769 171 3835 cisto,
184 3780 223 3828 tot
235 3771 416 3834 detrimentis
429 3770 565 3846 acceptis,
584 3767 699 3826 vastatis
713 3765 829 3840 linibus,
843 3765 967 3826 maxime
981 3765 1067 3823 etiam

79 3859 226 3937 permqttte
247 3849 410 3913 detectione
422 3849 588 3922 civitatum,
608 3846 717 3930 legatos
738 3864 788 3928 per
802 3846 969 3908 Atrebatum
983 3843 1068 3903 Cuma
