2564 4422
418 319 527 372 umen
543 319 725 375 nummus.
1061 335 1117 394 119

77 475 172 532 ratus,
186 479 300 522 murum
313 463 454 522 ascendit.
495 463 553 522 Fos
573 464 633 541 ipse
646 485 744 524 rursus
756 466 883 544 singulos
901 482 1066 548 exceptans,
1084 533 1086 540 Α

78 544 111 600 in
126 561 238 600 murum
251 540 363 599 extulit.
519 579 522 588 .
1016 589 1018 596 .

119 620 271 678 XLVIII..
306 618 427 676 Interim
449 619 479 687 ii,
500 620 549 695 qui
570 622 606 678 ad
630 622 748 680 alterum
770 634 880 699 partem
901 628 1008 704 oppidi,
1035 639 1086 690 ut=

77 697 164 774 suprd
183 696 453 763 demonstravimus,
467 698 745 768 munitionisque,
759 717 961 774 convenerant,
975 708 1067 782 primo
1106 731 1109 737 ’

77 777 213 834 exaudito
226 774 364 842 clamore,
376 775 444 832 inde
457 777 545 834 etium
555 777 663 834 crebris
671 779 786 837 nunciis
796 780 919 850 incitati,
929 785 1066 860 oppidum
1092 798 1110 851 5

78 874 95 912 a
117 854 263 913 llcmanis
276 853 379 920 teneri,
400 854 553 928 premissis
573 856 725 929 equitibus,
747 875 852 934 magno
868 879 1009 919 concursu
1029 862 1066 920 ed

77 933 298 991 contenderunt.
339 931 447 989 Eorum
469 932 631 1008 utquisque
652 935 760 1010 primus
773 949 898 1006 venerut,
920 941 973 996 sub
986 957 1068 999 muro

78 1011 944 1092 consistebat,suorumquepugnantiumnumerumuugebat.
984 1018 1067 1080 Quo.

78 1107 144 1145 rum
157 1104 245 1162 quum
258 1105 364 1162 magna
377 1087 528 1146 multitudo
541 1091 729 1159 convenisset,
743 1103 847 1151 metres
861 1095 984 1163 familie,
1002 1115 1065 1172 qure

77 1165 167 1242 pould
182 1165 247 1224 autb
258 1165 401 1223 Romanis
413 1166 450 1222 de
464 1185 545 1224 muro
555 1185 657 1225 munus
667 1171 832 1239 tendebant,
843 1191 910 1232 suos
919 1174 1065 1243 obtestari,
1077 1185 1110 1239 lo

78 1256 107 1302 et
135 1263 214 1303 more
239 1243 351 1303 Gallico
376 1263 492 1321 passum
518 1246 653 1321 capillum
678 1258 831 1322 ostentare,
852 1250 1012 1327 liberosque
1035 1253 1065 1310 in
1170 1247 1173 1258 ’

78 1334 265 1398 conspectum
290 1321 415 1398 proferre
441 1335 598 1398 ceperunt
649 1325 719 1385 Erat
750 1327 891 1387 Romanis
913 1349 968 1388 nec
991 1331 1064 1399 loco,

79 1420 135 1458 uec
148 1421 278 1468 numero,
293 1419 374 1476 equa
387 1402 552 1460 contentio:
573 1403 656 1461 simul
675 1416 704 1462 et
716 1425 802 1464 eursu
815 1418 844 1466 et
857 1409 949 1484 spatio
960 1427 1065 1485 pugno

78 1479 238 1554 defatigati,
252 1498 311 1537 uon
324 1479 408 1536 facile
422 1491 553 1538 recentes
566 1493 650 1556 atque
664 1483 788 1560 integros
801 1486 988 1546 sustinebant
1088 1485 1092 1490 ’

118 1557 237 1614 XLIX.
277 1557 382 1626 Curat,
405 1577 492 1634 quum
519 1559 616 1634 iniquo
642 1561 705 1618 loco
730 1565 861 1638 pugnari,
886 1567 1064 1641 hostiumque
1076 1575 1109 1629 15

78 1635 183 1712 augeri
204 1634 302 1710 copias
315 1635 631 1718 videret3praemetueus
651 1639 719 1706 suis,
735 1641 770 1696 ad
792 1641 829 1697 T.
846 1644 975 1700 Sextium
988 1645 1065 1718 lega·

11 1761 14 1768 i
77 1725 154 1781 tum,
179 1733 266 1790 quem
288 1713 441 1772 minoribus
461 1717 562 1774 castris
584 1717 716 1792 praesidio
738 1717 899 1791 reliquerat,
924 1721 1009 1786 misit,
1033 1733 1065 1778 ut

77 1793 215 1850 cobortes
233 1811 269 1849 ex
282 1793 380 1850 eastris
400 1795 530 1863 celeriter
550 1796 694 1862 educeret,
708 1805 738 1852 et
757 1796 811 1852 sub
831 1795 928 1854 infimo
942 1797 1014 1854 colle
1027 1799 1064 1854 ab

78 1872 179 1928 dextro
200 1870 287 1928 latere
308 1872 431 1929 bostium
452 1873 656 1932 constitueret:
687 1885 727 1941 ut,
751 1873 776 1930 si
799 1885 909 1932 nostros
932 1875 1064 1950 depulsus

77 1950 141 2008 loco
154 1949 281 2017 vidisset,
295 1948 352 2026 qud
370 1949 466 2010 minius
478 1951 568 2010 libere
583 1953 678 2011 hostes
698 1953 923 2028 insequerentur,
937 1965 1063 2024 terreret.
1073 1961 1110 2015 m

73 2027 144 2103 'Ipse
157 2027 275 2103 paulum
289 2047 326 2085 ex
342 2047 378 2086 eo
390 2030 454 2087 loco
468 2049 534 2088 curn
553 2031 667 2106 legione
680 2049 853 2108 progressus,
868 2032 918 2089 ubi
931 2032 1065 2090 constite-

78 2115 131 2173 rat,
145 2116 280 2164 eventum
294 2125 399 2183 pugne
412 2111 603 2185 exspectabat.

115 2185 150 2242 L.
191 2185 293 2246 Quum
318 2185 457 2245 acerrime
476 2188 606 2258 cominus
626 2193 810 2266 pugnaretur,
834 2192 930 2250 hostes
952 2191 1015 2249 loco
1035 2202 1064 2250 et

77 2281 206 2330 numero,
227 2263 431 2330 nostrivirtute
445 2266 638 2336 confidereut3
660 2269 754 2327 subitd
767 2281 834 2326 sunt
847 2270 937 2328 AEdui
951 2270 1012 2338 visi,
1028 2271 1064 2328 ab

77 2341 166 2400 lutere
179 2342 282 2399 uostris
296 2354 403 2417 aperto,
413 2354 484 2419 quos
498 2345 595 2402 Gaessr
609 2347 645 2402 ab
658 2347 758 2402 dextrd
771 2359 850 2420 parte
865 2349 920 2405 alio
931 2367 1062 2416 ascensu,
1072 2355 1108 2409 Ἃ

78 2420 182 2479 manias
194 2420 364 2478 distinendae
381 2424 478 2495 deusd,
494 2423 618 2480 miserat.
660 2423 700 2480 Hi
720 2423 906 2481 similitudine
920 2444 1063 2482 armorum

78 2499 260 2556 vehementer
272 2495 618 2576 nostros-perterruerunt:
640 2520 684 2566 ae,
696 2502 808 2582 tametsi
818 2501 925 2558 dextris
938 2502 1064 2560 humeris

77 2577 197 2646 exsertis
218 2578 523 2648 animadvertebautur,
538 2581 613 2654 quod
634 2579 746 2654 insigne
765 2588 899 2653 pacatum
919 2597 982 2634 esse
995 2597 1063 2634 con-

78 2654 186 2722 suerat,
200 2657 340 2714 tamenid
361 2657 453 2733 ipsum
467 2659 511 2716 sui
526 2658 642 2716 fallendi
656 2657 743 2714 oaust
763 2656 866 2714 milites
879 2657 916 2713 ab
935 2654 1063 2712 hostibus

79 2733 185 2791 laetum
203 2735 415 2794 existimabant.
464 2736 573 2794 Eodem
594 2748 719 2811 tempore
741 2735 774 2792 L.
794 2735 901 2792 Fabius
921 2733 1107 2801 centurio,30

78 2812 180 2887 quique
194 2812 256 2871 und
274 2829 395 2886 murum·
404 2816 602 2882 ascenderant,
616 2814 803 2873 circumventi
824 2825 907 2890 atque
921 2811 1062 2871 interfecti

78 2891 113 2947 de
125 2909 209 2948 muro
229 2892 450 2967 precipitantur.
492 2893 534 2950 M.
556 2893 694 2964 Petreius,
708 2893 836 2968 ejusdcm
855 2892 976 2968 legionis
996 2909 1063 2948 cen·

78 2968 159 3038 turio,
186 2989 277 3044 quum
302 2981 396 3046 portas
422 2972 555 3032 excidere
581 2967 701 3029 conatus
726 2981 810 3038 esset,
838 2990 855 3027 a
881 2970 1063 3026 multitudine

77 3067 237 3123 oppressus,
253 3068 289 3105 ac
308 3048 362 3106 sibi
376 3045 540 3126 desperans,
554 3049 650 3108 multis
668 3049 728 3124 jam
743 3049 906 3106 vulneribus
927 3048 1062 3124 acceptis,

77 3126 304 3203 manipularibus
324 3128 392 3195 suis,
412 3129 461 3202 qui
483 3128 562 3187 illurn
585 3128 676 3186 secuti
696 3137 793 3185 eraut:
816 3127 999 3199 ‘Quoniam'
1021 3127 1114 3204 ἰῑι-35Ι

77 3205 144 3278 quit,
160 3217 228 3262 ‘me
250 3203 308 3263 und
324 3206 470 3264 vobiscum
491 3226 602 3264 servare
615 3226 673 3265 non
693 3227 817 3282 possum,
831 3218 929 3264 vestrae
948 3206 1063 3280 quidem

77 3283 152 3341 certe
175 3283 263 3341 saluti
283 3285 465 3359 prospiciam,
486 3305 556 3360 quos
579 3286 735 3361 cupiditate
755 3286 851 3360 gloriae
873 3284 1012 3340 adductus
1032 3283 1063 3340 iu

75 3362 236 3436 periculum
249 3363 364 3420 deduxi.
406 3364 475 3434 Vos,
489 3363 557 3421 deul
570 3365 715 3431 facultate,
727 3364 806 3421 vobis
818 3361 976 3419 consulite!
1019 3361 1064 3418 Si-

75 3441 133 3497 mul
148 3442 178 3497 in
196 3441 309 3498 medios
322 3442 416 3498 hostes
429 3441 539 3517 irrupit,
552 3442 718 3516 duobusque
732 3440 897 3505 interfectis,
910 3438 1033 3513 reliquos
1047 3460 1065 3499 u

31 3539 36 3551 ·
75 3520 156 3594 porti
169 3517 289 3595 paulum
302 3520 461 3578 submovit,
493 3520 672 3580 Conantibus
680 3518 809 3577 auxiliari
823 3517 1109 3589 suis‚‘Frustrt,’tu

75 3597 178 3671 inquit,
202 3609 293 3654 ‘mem
316 3597 381 3654 vitre
404 3598 554 3658 subvenire
580 3598 734 3663 conamini,
756 3614 839 3670 quem
863 3595 922 3672 jam
946 3600 1064 3674 sanguis

74 3676 206 3750 viresque
229 3675 377 3733 deliciunt
425 3675 638 3750 Proinde‚hinc
665 3675 749 3740 abite,
777 3674 845 3729 duur
869 3685 912 3732 est
932 3675 1062 3741 facultas,

75 3771 180 3828 rosque
207 3755 244 3812 ed
272 3753 415 3828 legionem
441 3754 577 3830 recipite!
619 3753 665 3810 Ite
689 3769 831 3827 pugnans,
855 3751 919 3829 pdst
945 3751 1061 3828 paulum

76 3831 214 3900 concidit,
229 3851 266 3890 ac
280 3831 339 3889 suis
353 3832 437 3890 saluti
454 3831 513 3892 uit.
945 3852 948 3860 ’
