2564 4422
146 329 188 388 os
267 393 269 398 ,
508 325 556 378 ns
573 325 689 376 usuro
706 325 863 376 ιιιιιιοο

197 464 314 541 quisque
334 459 495 534 conveniat,
516 467 672 543 provident
719 465 804 550 Alius
826 476 911 542 cepta
927 447 986 542 jin
999 477 1097 525 casua
1117 487 1182 544 puc-

197 543 336 614 nnnciet;
367 544 449 612 alius,
472 544 566 603 deleto
591 543 718 602 exercitu
742 554 833 619 atque
852 543 1030 620 imperatore,
1058 545 1181 604 victores

168 651 184 664 -
197 621 331 680 barbaros
351 623 462 681 venisse
479 622 642 680 contendit:
662 621 788 697 plerique
801 641 889 680 novas
910 622 963 678 sibi
976 641 1013 678 ex
1032 622 1098 680 loco
1116 624 1182 681 reli-

197 699 297 775 giones
323 700 456 776 lingunt;
487 699 633 774 Ootteque
659 709 688 756 et
711 698 817 757 Titurii
844 700 1046 766 calamitatem,
1073 701 1124 775 qui
1149 703 1181 759 in

170 777 298 838 enodem
317 778 475 836 occiderint
495 777 620 844 castello,
636 787 702 834 ante
714 775 813 834 oculos
832 788 950 852 ponunt
991 777 1060 835 Tali
1078 778 1180 836 umore

196 855 330 914 omnibus
342 854 504 932 perterritis,
519 855 701 914 confirmatur
713 855 810 931 opinio
823 854 959 923 barbaris,
973 865 1005 913 ut
1018 875 1055 912 ex
1067 856 1181 932 captivo

166 975 182 988 .
198 935 355 1001 audierant,
369 933 478 990 nullum
498 953 561 992 esse
579 933 656 992 intus
666 932 857 1008 praesidium·
877 933 1064 1008 Perrumpere
1084 934 1180 992 nitun-

197 1021 252 1079 tur,
266 1031 352 1086 seque
372 1011 426 1086 ipsi
447 1012 642 1084 adhortantur,
655 1031 692 1068 ne
706 1021 814 1071 tantam
834 1009 975 1068 fortunam
989 1029 1026 1068 ex
1046 1012 1179 1070 manibus

180 1089 350 1146 dimittunt
823 1136 830 1151 .
1088 1118 1096 1134 ·

154 1175 189 1230 10
237 1166 415 1226 XXXVIII.
457 1168 527 1226 Errrt
547 1187 570 1224 ε
590 1166 679 1227 criu
699 1159 830 1241 presidio
862 1166 978 1224 relictus
1003 1165 1035 1223 P.
1064 1167 1179 1225 Sextius

158 1280 181 1296 ι.
199 1243 332 1313 baculus,
346 1245 394 1320 qui
412 1245 533 1321 primum
547 1187 636 1321 piInm
654 1243 690 1299 ud
704 1243 847 1302 Cererem
860 1243 990 1311 duxerat,
1004 1244 1086 1320 cnjus
1099 1265 1179 1304 rnen·

198 1321 305 1380 tionem
323 1324 514 1398 superioribus
535 1321 639 1396 preliis
659 1321 788 1388 lecimus,
811 1339 845 1378 ac
868 1321 946 1379 diem
965 1322 1025 1398 jam
1047 1323 1179 1396 quintum

198 1399 264 1456 cibo
277 1411 415 1464 caruerat,
456 1399 525 1466 Hic,
535 1399 645 1456 diffisus
655 1417 713 1454 sue
725 1409 808 1473 atque
817 1399 945 1457 omnium
956 1400 1048 1466 selani
1060 1400 1181 1460 inermis

198 1493 233 1530 ex
243 1475 427 1534 tabernaculo
436 1477 545 1551 prodit:
566 1477 642 1534 videt
652 1475 802 1534 imminere
813 1477 917 1545 hoster,
928 1473 1012 1554 atque
1022 1478 1053 1534 in
1066 1497 1181 1538 summo

155 1561 189 1614 15
197 1569 260 1610 esse
270 1571 330 1609 rem
351 1553 532 1611 discrimine:
553 1554 630 1630 cepit
651 1574 730 1612 arina
741 1563 768 1612 'a
787 1554 932 1630 proximis,
947 1567 1030 1631 atque
1048 1555 1078 1612 in
1097 1559 1180 1632 porte

162 1653 174 1670 a
197 1630 334 1688 consistit.
375 1631 594 1708 consequuntur
608 1633 685 1690 bunc
698 1633 879 1691 centuriones
893 1634 956 1710 ejus
968 1633 1102 1701 cohortis,
1116 1653 1179 1711 qnae

172 1707 228 1778 cin
241 1709 362 1768 datione
374 1721 451 1768 erat:
472 1711 613 1788 paulisper
627 1710 685 1769 und
698 1711 825 1788 prelium
839 1711 988 1770 sustinent.
1029 1711 1180 1788 Relinquit

199 1787 311 1847 animus
334 1789 473 1858 Sextium,
497 1790 630 1866 gravibus
653 1789 778 1865 acceptis
801 1789 985 1847 vulneribus:
1020 1809 1106 1865 egre,
1128 1810 1178 1867 per

197 1884 299 1926 manns
317 1878 432 1935 tractus,
447 1879 581 1928 servatur.
623 1867 689 1927 Hoc
703 1868 792 1944 spatio
810 1867 985 1943 interposito,
998 1867 1100 1942 reliqui
1116 1887 1178 1926 sese

153 1945 367 2006 moonfirmant
388 1945 511 2014 tentdm,
535 1958 567 2005 ut
587 1946 616 2004 in
639 1945 844 2005 munitionibus
864 1945 1020 2004 consistere
1044 1947 1177 2014 audeant,

198 2023 378 2156 speciemque
391 2024 572 2112 defensorum
584 2024 737 2099 prebeant.

237 2100 328 2158 XXX
346 2101 385 2157 X.
426 2101 545 2158 Interim
569 2101 701 2158 conlecti
722 2101 950 2170 frumentatione,
965 2102 1070 2162 milites
1090 2103 1178 2162 nostri

197 2176 350 2236 clamorem
371 2179 543 2236 exaudiunt:
571 2189 748 2254 praecurrunt
768 2180 886 2255 equites,
900 2191 1006 2256 quanto
1033 2200 1080 2238 res
1093 2182 1129 2240 sit
1149 2181 1178 2239 in

197 2252 332 2328 periculo,
363 2267 547 2328 cognoscunt
602 2254 661 2314 Hic
688 2257 755 2314 verb
782 2258 862 2316 nulle
886 2258 1008 2316 munitio
1037 2270 1090 2326 est,
1116 2279 1178 2334 que
1214 2323 1220 2334 ³

113 2339 131 2366 '⁸
153 2331 358 2406 snperterritos
383 2332 519 2408 recipiat:
550 2332 635 2392 modd
662 2336 824 2412 conscripti,
853 2347 935 2411 atque
958 2337 1027 2394 ustis
1050 2337 1179 2396 militaris

198 2407 329 2484 Imperiti,
344 2411 379 2468 ad
392 2411 537 2470 tribunum
550 2413 671 2472 rnilitum
682 2415 917 2489 centurionesque
930 2435 981 2472 ora
994 2425 1177 2474 convertunt:

197 2487 264 2561 quid
286 2489 323 2548 ab
343 2490 388 2548 his
407 2492 596 2568 precipiatur,
611 2503 785 2568 exspectant.
834 2493 928 2564 Nemo
946 2503 989 2550 est
1010 2505 1068 2552 tam
1090 2494 1177 2560 sortis,

197 2566 266 2642 quin
279 2568 320 2626 rei
333 2569 457 2628 novitate
474 2571 662 2648 perturbetur.
704 2571 831 2638 Barbari,
852 2571 936 2646 signa
955 2573 1052 2648 procul
1066 2571 1179 2647 conspi-

149 2698 154 2712 ,
197 2646 265 2714 ceti,
278 2647 489 2724 oppugnatione
502 2649 657 2706 desistunt:
678 2649 785 2707 redisse
800 2647 891 2724 primd
905 2650 1032 2724 legiones
1045 2651 1179 2718 credunt,

153 2729 267 2797 {idquae
298 2724 411 2799 longius
436 2726 601 2784 discessisse
627 2746 662 2782 ex
688 2727 806 2801 captivis
829 2737 1034 2802 cognoverant:
1066 2736 1179 2800 postea,

197 2801 331 2874 despectd
343 2801 496 2874 paucitate,
511 2823 547 2860 ex
559 2803 691 2860 omnibus
703 2804 830 2879 partibus
844 2805 979 2880 impetum
992 2803 1110 2861 faciunt.

235 2876 299 2934 XL.
341 2878 465 2936 Calones
478 2879 507 2936 in
528 2881 687 2958 proximum
708 2882 847 2939 tumulum
868 2893 1045 2959 procurrunt
1097 2882 1178 2952 Hinc

99 2987 102 2996 ‹
196 2955 326 3014 celeriter
351 2957 466 3033 dejecti,
487 2978 517 3018 sc
541 2958 571 3017 in
592 2959 674 3035 signa
694 2960 908 3036 manipulosque
934 2961 1113 3036 conjiciunt:
1140 2962 1177 3022 ed

156 3063 164 3076 ψ
196 3033 288 3108 mamb
315 3035 429 3094 timidos
455 3048 613 3112 perterrent
641 3037 753 3096 milites.
807 3039 876 3107 Alii,
900 3052 1010 3098 ‘cuneo
1038 3040 1122 3108 facto,
1147 3054 1179 3100 ut

49 3113 51 3118 '
152 3110 326 3174 asceleriter
341 3118 542 3188 perrumpant,’
558 3127 686 3183 censent,
701 3118 852 3191 ‘qnoniam
872 3129 930 3175 tum
952 3119 1109 3193 propinqua
1121 3121 1179 3178 sint

197 3199 305 3260 castra;
325 3201 364 3258 et,
386 3191 410 3248 si
430 3211 495 3267 pars
513 3193 606 3267 aliqua
625 3195 820 3252 circumventa
840 3195 986 3262 ceciderit,
1008 3206 1037 3254 at
1056 3196 1179 3271 reliquos

197 3270 301 3328 servari
320 3271 418 3347 posse’
440 3271 602 3328 confidunt:
625 3271 682 3340 ulii,
705 3272 803 3330 ‘utin
821 3273 890 3349 jugo
911 3273 1079 3340 consistent,
1093 3285 1180 3351 etque

197 3350 327 3408 eundem.
346 3367 446 3407 omnes
472 3348 563 3406 ferant
585 3351 704 3408 casnm-J
753 3349 819 3408 Hoc
837 3362 946 3408 veteres
972 3369 1029 3406 non
1055 3353 1180 3422 probant

197 3422 310 3509 milites,
333 3447 403 3503 qnos
428 3428 482 3486 rub
504 3427 606 3485 vexillo
621 3427 690 3486 'nod
715 3429 855 3504 profectos
877 3427 1053 3487 docuimus..
1075 3425 1179 3506 Itaque

153 3504 270 3586 winter
290 3522 321 3558 se
343 3506 491 3574 cohortati
515 3506 588 3563 duee
607 3507 641 3564 C.
666 3506 822 3574 Trebonio,
846 3505 939 3580 equite
962 3502 1107 3573 Romano,
1129 3511 1179 3584 qui

158 3591 176 3612 *-
196 3593 239 3632 ers
266 3589 326 3635 erat
348 3585 528 3659 prepositus,
551 3603 601 3660 per
628 3583 738 3642 medios
761 3586 855 3642 hostes
882 3593 1076 3658 perrumpunt,
1099 3584 1180 3646 inco-

197 3653 342 3726 lumesque
376 3661 413 3718 ad
438 3681 527 3720 unum
560 3681 660 3736 omues
693 3663 723 3721 in
756 3673 850 3720 cestra
880 3658 1057 3734 perveniunt.
1114 3663 1179 3722 Hos

197 3731 342 3794 subsecuti
361 3733 476 3794 calones
498 3739 662 3816 equitesque
680 3741 780 3798 eodem
801 3739 916 3812 impetu,
938 3735 1061 3796 militurn
1073 3740 1178 3799 virtute

197 3819 368 3892 servantum
393 3812 433 3871 At
453 3814 485 3886 ii,
497 3817 547 3887 qui
560 3818 590 3876 in
608 3818 678 3894 jugo
691 3817 885 3884 constiterant,
898 3816 978 3876 nullo
991 3815 1078 3876 etism
1098 3835 1179 3878 nune
