2564 4422
377 257 552 356 strena
567 303 736 367 anterus.
907 371 910 374 ,
1090 311 1128 375 tt

91 405 219 528 thaan
231 402 356 518 trahas,
370 447 505 507 omnim
525 445 583 506 aas
596 448 787 506 inmanitas
804 449 904 526 copas,
918 448 1019 510 mssa
1034 453 1081 512 es
1109 503 1111 508 .

21 528 27 539 “
94 531 136 588 ed
151 530 322 588 Ciceronem
339 527 478 604 pertendi.
519 525 667 584 Institutas
687 537 789 600 tanes,
802 525 968 598 nundinas,
990 529 1082 589 muni

93 609 243 683 tionesque
254 607 380 665 hostium
392 605 563 664 admittitur:
583 605 723 680 producta
732 605 845 682 legions
856 609 1012 684 cognoscit,
1023 617 1081 668 nott

29 685 30 688 ’
92 687 240 744 dechnum
261 701 404 760 quemque
422 700 485 741 esse
504 678 635 740 rellctum
656 683 775 741 militem
794 684 857 742 sine
872 686 996 744 vnlnere
1037 687 1082 745 Er
1193 731 1199 744 ,

93 759 141 822 lti's
158 765 299 823 omnibus
312 763 425 840 judicat
451 761 544 828 rebus,
569 771 675 838 quanto
692 779 759 820 cum
778 763 906 838 periculo
928 775 957 822 et
975 768 1081 841 quanti
1111 773 1129 826 ⁵

92 861 163 900 oum
189 843 293 900 virtute
320 842 377 898 sint
407 857 453 898 res
480 836 707 904 administram:
740 841 913 900 Ciceronem
944 861 996 919 pro
1021 844 1082 919 ejus

92 921 199 978 meiito
211 920 410 996 legionemque
429 918 589 976 collaudat:
611 919 792 977 centuriones
812 921 978 997 siugillatim
994 921 1083 979 tribu·

18 1017 20 1036 t
91 1017 208 1074 nosque
231 997 353 1055 militum
380 997 510 1072 appellat,
534 1011 654 1072 quorum
675 997 820 1074 egregiam
843 999 930 1056 luisse
951 1000 1082 1058 virtutem

92 1076 264 1134 testimonio
284 1076 433 1134 Ciceronis
451 1078 630 1152 cognoverat
672 1075 717 1132 De
737 1093 806 1133 casu
828 1078 928 1134 Sabini
948 1079 1082 1138 etcotte

93 1153 211 1213 certiirs
223 1173 260 1211 ex
280 1153 398 1232 captivis
417 1153 570 1229 cognoscit.
612 1153 730 1212 Postero
749 1155 805 1222 die,
820 1156 959 1214 concione
974 1157 1081 1224 habita,
1097 1163 1131 1217 10

92 1251 159 1292 rem
181 1241 294 1310 gestam
308 1232 450 1308 proponite
471 1231 576 1288 milites
597 1232 757 1290 consolatur
777 1244 806 1291 et
819 1234 987 1292 confirmate
1008 1236 1083 1311 quod

93 1311 303 1368 detrimentum
330 1311 413 1386 culpi
436 1319 464 1367 et
488 1311 648 1367 temeritate
669 1310 755 1388 legati
779 1313 816 1370 sit
842 1323 1000 1389 acceptum,
1028 1315 1082 1371 hoc
1175 1343 1188 1360 ·

95 1389 221 1464 aeqaiore
256 1389 352 1446 animo
382 1389 531 1446 ferendum
558 1389 650 1456 docet,
677 1388 764 1466 quod,
791 1391 933 1454 beneficio
965 1393 1082 1450 deorum

94 1467 300 1526 immortalium
326 1478 355 1525 et
379 1468 482 1529 virtute
508 1485 606 1524 eorum
632 1467 744 1544 expiato
773 1470 962 1538 Incommode,
989 1485 1082 1547 neque

94 1545 230 1604 hostibus
247 1545 357 1603 dlutina
371 1545 485 1612 laetatio,
500 1564 593 1621 neque
607 1545 674 1621 ipsis
687 1547 797 1622 longior
807 1548 885 1605 dolor
898 1540 1081 1624 relinquatur.
1096 1555 1130 1608 15

139 1622 227 1681 LIII.
250 1633 258 1642 ⁴·
268 1623 383 1681 Interius
398 1625 433 1682 ad
447 1620 610 1681 Labienum
622 1639 672 1700 per
686 1624 795 1682 Remos
808 1625 970 1682 incredibili
983 1627 1083 1684 celeri-

93 1712 159 1760 tate
173 1702 211 1758 de
224 1701 340 1759 victorii
354 1702 475 1760 Caesaris
490 1703 566 1761 fama
578 1703 726 1778 perfertur,
740 1714 782 1770 ut,
793 1721 881 1779 quum
899 1705 936 1760 ab
948 1703 1083 1778 hybernis

94 1780 251 1838 Ciceronis
274 1781 384 1838 abesset
406 1781 496 1838 millia
518 1799 654 1856 passuum
677 1781 791 1838 circiter
817 1781 883 1848 LX,
907 1779 998 1856 ecque
1020 1791 1083 1858 post

95 1859 198 1916 horam
217 1873 324 1916 nonam
345 1855 402 1916 diei
418 1859 516 1916 Caesar
537 1858 720 1935 pervenisset,
736 1870 802 1916 ante
823 1859 948 1916 medIam
968 1869 1082 1917 noctem

96 1937 133 1994 td
146 1945 244 2014 pottas
257 1947 414 1994 castrorum
427 1937 535 1994 clamor
555 1936 684 2002 oriretur,
699 1955 755 2010 quo
768 1938 892 1993 clamore
912 1936 1083 2012 significatio
1095 1941 1132 1996 Ι)

95 2014 224 2074 victoria
244 2013 452 2090 gratulatipque
474 2013 511 2070 ab
531 2012 633 2070 Remis
654 2013 784 2073 Labieno
796 2014 885 2072 fieret.
926 2014 994 2072 Hic
1008 2015 1083 2072 lanii

97 2094 133 2150 ad
157 2091 295 2156 Treviros
320 2093 439 2169 perlati,
463 2091 685 2160 Indutiomarus,
709 2093 758 2169 qui
780 2101 894 2170 postero
915 2093 963 2152 die
989 2103 1083 2172 castra

96 2170 221 2229 Labieni
254 2189 420 2246 oppugnare
450 2171 623 2238 decreverat,
650 2181 738 2228 noctu
769 2172 903 2249 prodigit,
930 2172 1082 2248 copiasque
1196 2230 1199 2236 ,

95 2253 198 2306 omnes
211 2247 241 2305 in
260 2247 395 2320 Treviros
415 2247 536 2306 reducit.
577 2248 674 2306 Cesar
694 2247 817 2316 Fabium
838 2269 905 2308 cum
918 2251 1031 2328 legione
1051 2250 1082 2310 iu

96 2345 150 2384 sua
176 2326 295 2384 remittit
325 2327 462 2402 hyberna,
493 2325 553 2403 ipse
577 2345 643 2384 cum
669 2327 759 2386 tribus
785 2328 946 2403 legionibus
971 2331 1130 2387 circumb5

97 2404 329 2463 Samarobrivam
346 2405 429 2462 trinis
450 2405 585 2480 hybernis
608 2406 742 2480 hyemare
763 2405 926 2474 constituit3
952 2417 991 2474 et,
1005 2406 1082 2481 qued

96 2483 172 2542 tanti
185 2493 280 2540 motus
292 2483 393 2540 Galliae
407 2483 582 2551 exstiterant,
597 2493 685 2541 totam
699 2483 831 2558 hyemem
844 2484 904 2558 ipse
926 2484 962 2540 ad
975 2485 1083 2540 exerci-

94 2559 162 2620 tum
176 2579 291 2619 manere
305 2562 437 2620 decrerit.
480 2561 557 2620 Nam
573 2562 622 2620 illo
635 2558 815 2619 incommodo
828 2562 864 2618 de
878 2560 979 2617 Sabini
993 2569 1083 2617 'rnorte

94 2639 217 2717 perlato,
238 2659 338 2698 omnes
361 2639 421 2698 sere
444 2641 546 2698 Galliae
569 2639 698 2698 civitates
721 2637 757 2697 de
781 2639 855 2697 bello
875 2638 1083 2706 consrdtabant,

96 2717 221 2777 nuncios
232 2719 454 2796 legationesque
475 2719 505 2777 in
526 2729 626 2777 omnes
646 2729 741 2796 partes
753 2718 944 2786 dimittebant,
958 2727 996 2786 et,
1015 2717 1083 2794 quid
1095 2719 1132 2776 m

96 2798 199 2873 reliqui
226 2797 339 2856 consilii
368 2809 514 2874 caperent,
542 2809 624 2874 atque
650 2799 728 2856 unde
754 2797 866 2856 Initium
893 2797 960 2856 belli
993 2797 1082 2864 fleret,

95 2877 296 2952 explorabant,
311 2887 505 2952 nocturnaque
521 2877 551 2935 in
564 2877 635 2935 locis
655 2877 773 2935 desertis
786 2877 910 2936 concilia
929 2875 1082 2934 habebant.

96 2955 202 3030 Neque
228 2955 320 3012 ullum
346 2953 405 3012 fere
428 2956 515 3014 totius
541 2955 651 3032 hyemis
670 2965 782 3032 tempus
807 2955 869 3013 sine
893 2954 1084 3013 sollicitudine
1185 3025 1188 3032 Ι

96 3033 224 3091 (laseris
245 3033 416 3102 intercessit,
432 3035 508 3110 quin,
516 3034 638 3112 aliquem
651 3035 687 3091 de
701 3034 831 3092 conciliis
845 3053 880 3092 ac
897 3044 976 3092 motu
989 3033 1084 3093 Gallo·

95 3128 161 3170 rum
174 3111 317 3170 nuncium
339 3113 489 3189 acciperet.
530 3113 566 3170 In
583 3115 626 3171 his
648 3113 684 3171 ab
704 3113 737 3171 L.
752 3113 862 3172 Roscio
880 3113 985 3191 legato,
999 3131 1083 3190 quem
1097 3115 1133 3168 ὅ

96 3190 204 3266 legioni
218 3189 300 3248 XIII
313 3192 487 3267 prefecerat,
500 3193 602 3250 certior
615 3202 659 3250 est
669 3193 770 3262 lactus,
784 3192 925 3269 ‘Magnas
937 3192 1084 3250 Gallorum

95 3270 195 3346 copias
216 3287 316 3338 earnm
337 3269 494 3338 ciritatum,
508 3289 570 3347 quat
592 3273 749 3330 Armoricae
771 3272 956 3348 appellantur,
978 3285 1085 3343 oppug-

95 3348 188 3405 nandi
210 3349 255 3406 sui
276 3349 365 3406 causi
386 3350 569 3409 convenisse:
598 3367 691 3426 neque
714 3349 827 3427 longius
848 3347 937 3405 millia
949 3363 1085 3421 passuum

95 3424 179 3483 VIII
192 3427 228 3484 ab
241 3427 377 3502 hybernis
391 3428 450 3485 suis
464 3429 607 3500 abhtisse3
629 3431 679 3487 sed
692 3430 800 3487 nuncio
813 3425 898 3486 allato
916 3425 953 3482 de
967 3424 1085 3485 victorii
1170 3459 1177 3468 ·

96 3504 233 3574 Caesaris,
245 3506 422 3574 discessisse,
435 3506 517 3576 adad,
531 3519 563 3566 ut
573 3509 648 3586 fuge
659 3509 760 3566 similla
770 3506 913 3562 discessus
922 3503 1085 3564 rideretur.'
1098 3505 1134 3560 lo

142 3579 220 3640 LIV.
261 3586 302 3643 At
328 3585 437 3653 Cesar,
463 3587 640 3664 principibus
672 3587 810 3662 cujusque
836 3582 959 3642 civitatis
979 3587 1029 3643 'ad
1054 3602 1086 3643 se

94 3661 236 3729 evocatis,
250 3664 321 3722 alios
340 3665 506 3733 territando,
520 3685 607 3742 quum
621 3685 651 3724 se
662 3665 749 3731 scire,
763 3681 826 3739 quse
846 3661 957 3734 fierent,
976 3665 1087 3721 denun-

93 3741 199 3808 staret,
225 3741 295 3800 elios
318 3745 503 3812 cohortando,
525 3753 659 3821 magnam
682 3753 791 3819 partem
813 3741 915 3801 Gallia
939 3744 969 3800 in
989 3739 1086 3799 officio

91 3819 199 3877 Μή.
241 3821 358 3878 Tamen
379 3823 519 3888 Senones,
532 3833 595 3896 'qua
613 3833 657 3878 est
667 3821 770 3880 civitas
790 3821 932 3896 inptimis
951 3819 1042 3880 firm,
1056 3821 1085 3865 θ(
