2562 4412
157 377 216 438 tet
277 431 281 435 .
529 371 578 424 nn
594 371 712 423 nauco
728 369 889 424 armico

1067 483 1077 494 .
1190 454 1202 491 r

205 515 292 595 quim
306 515 361 575 sub
372 517 495 576 decessu
508 537 561 576 sno
579 517 782 575 necessitatem
795 515 851 574 sibi
865 513 989 592 aliquam
1003 515 1044 574 im
1135 519 1197 578 belli

205 595 348 674 gerendi3
382 615 430 664 ne,
463 615 551 672 quum
576 595 735 654 exercitum
762 595 939 653 deducturus
970 608 1058 664 esset,
1134 599 1200 657 llum

206 675 320 752 aliquod
331 675 546 752 relinqueretur,
577 676 634 733 uod
645 675 740 732 omnis
749 673 846 732 Gallia
858 674 980 732 libenter
991 675 1055 732 sine
1066 677 1200 752 presenti

205 753 333 832 periculo
353 755 519 831 susciperet.
576 765 672 830 taque,
694 751 851 812 honorifice
866 753 997 811 civitates
1018 754 1199 831 appellando,

171 845 192 900 5
205 834 351 911 principes
363 834 495 892 maximis
506 834 632 910 praemiis
653 831 815 900 afficiendo,
829 833 909 890 nulla
920 852 1011 892 onera
1024 853 1102 892 nora
1116 835 1200 913 impo

206 915 312 982 nendo,
338 914 480 971 defessus
513 923 555 970 tot
581 913 707 970 adversis
734 911 839 987 preliis
869 911 1006 985 Galliam,
1033 914 1199 974 conditione

205 992 326 1070 parendi
339 992 466 1060 meliore,
481 989 566 1050 facile
581 992 611 1050 in
625 1011 697 1068 pace
710 991 861 1049 continuit

125 1073 132 1084 ‘
246 1071 280 1129 L.
321 1071 397 1148 lpse,
432 1072 567 1148 hybernis
599 1069 734 1148 peractis,
767 1080 869 1128 contra
897 1070 1142 1131 consuetudinem
1171 1072 1198 1132 in

117 1149 125 1158 ’
206 1147 321 1208 ltaliam
334 1149 421 1226 quim
441 1148 574 1208 maximis
594 1149 744 1208 itineribus
756 1160 800 1207 est
819 1147 974 1226 proiectus,
989 1161 1021 1207 ut
1041 1152 1199 1228 municipia

155 1239 236 1294 loct
261 1229 389 1289 colunias
422 1229 586 1307 appellaret,
613 1230 716 1305 quibus
742 1227 783 1286 M.
811 1227 944 1296 Antonii,
970 1231 1121 1304 questoris
1147 1231 1198 1300 sui,

206 1309 422 1368 commendaret
432 1309 584 1368 sacerdotii
592 1308 767 1384 petitionem.
809 1307 1099 1366 Contendebatenim
1108 1311 1199 1386 gratii

206 1385 275 1446 crim
295 1388 418 1446 libenter
440 1408 492 1464 pro
514 1387 631 1446 homine
653 1387 708 1444 sibi
734 1386 980 1462 conjunctissimo,
1002 1406 1089 1462 quem
1114 1389 1199 1465 pauli

207 1465 275 1524 ante
289 1467 465 1541 premiserat
482 1467 519 1524 ad
532 1465 709 1542 petitionem,
724 1475 785 1523 tum
806 1466 910 1524 acriter
923 1477 1022 1524 contra
1043 1466 1201 1527 factionem

206 1554 235 1601 et
257 1545 414 1620 potentiam
436 1563 605 1621 paucorum,
627 1544 687 1619 qui,
711 1544 754 1602 Μ.
781 1545 903 1604 Antonii
930 1545 1054 1621 repulsa,
1075 1546 1201 1606 Caesaris

156 1629 191 1684 15
206 1621 373 1682 decedentis
383 1624 544 1682 convellere
557 1623 678 1700 gratiam
689 1624 853 1701 cupiebant.
896 1623 985 1682 Hunc
995 1624 1050 1682 etsi
1062 1645 1200 1703 augurem

125 1753 129 1763 .
205 1701 285 1778 priris
308 1703 427 1776 lactum,
440 1703 527 1780 quiam
549 1702 663 1761 Italiam
687 1704 849 1780 attingeret,
873 1703 903 1760 in
925 1703 1028 1762 itinere
1050 1705 1199 1766 audierat:

205 1781 379 1842 tamennon
400 1782 498 1842 minda
516 1783 622 1859 justam
643 1782 698 1840 sibi
711 1801 829 1840 causam
851 1781 1011 1858 municipia
1023 1794 1053 1841 et
1073 1785 1200 1844 colonias
1263 1807 1264 1816 ¹

207 1862 333 1920 adeundi
353 1861 536 1930 existimavit,
550 1873 583 1920 ut
605 1861 641 1918 iis
659 1861 766 1937 gratias
787 1872 894 1938 ageret,
908 1860 986 1936 quod
1011 1862 1199 1939 frequentiam

189 1953 292 2016 ,atque
311 1941 439 1999 officium
459 1959 544 1998 suurn
565 1941 694 1998 Antonio
716 1940 932 2016 praestitissent3
954 1941 1097 2017 simulque
1121 1963 1152 2002 se
1172 1953 1199 2002 ct

155 2024 192 2080 2)
207 2020 345 2079 bonorem
371 2038 455 2078 suum
482 2020 512 2077 in
538 2019 684 2095 sequentis
714 2019 783 2077 anni
809 2020 1026 2078 commendaret
1051 2021 1197 2097 petitione,

205 2110 355 2176 propterea
367 2098 443 2175 quod
458 2098 612 2156 insolenter
633 2097 787 2156 adversarii
800 2097 845 2156 sui
861 2098 1062 2175 gloriarentur,
1077 2100 1112 2158 L.
1128 2101 1199 2159 len·

205 2178 296 2235 tulum
310 2187 340 2234 et
352 2177 387 2233 C.
402 2176 574 2234 Marcellum
584 2176 726 2234 Consules
738 2189 859 2244 creatos,
873 2177 921 2253 qui
932 2197 1049 2236 ornnem
1063 2181 1198 2239 bonorem

205 2263 236 2312 et
256 2253 426 2330 dignitatem
445 2253 569 2312 Caesaris
589 2255 800 2328 exspoliarent3
826 2268 956 2330 ereptum
979 2257 1084 2314 Serv-io
1098 2259 1198 2316 Garbe

207 2333 397 2404 consulatum,
410 2351 498 2408 quum
513 2332 537 2390 is
551 2331 641 2390 multd
654 2330 719 2408 plirs
732 2333 825 2409 gratiis
841 2333 1041 2410 suffragiisque
1056 2335 1198 2406 valuisset,

155 2417 193 2472 25
206 2411 284 2488 quod
297 2413 352 2470 sibi
362 2411 534 2489 conjunctus
543 2423 573 2470 et
582 2410 774 2470 familiaritate
784 2423 814 2470 et
824 2413 1038 2472 necessitudine
1049 2414 1199 2492 legationis

207 2503 291 2550 esnel-

247 2571 298 2629 Ll.
339 2571 485 2649 Exceptus
493 2583 537 2630 est
549 2572 674 2630 Caesaris
685 2573 824 2630 adventus
837 2574 874 2631 ab
886 2572 1021 2630 omnibus
1032 2573 1200 2650 municipiis

206 2661 236 2709 et
249 2651 370 2710 coloniis
383 2651 545 2710 incredibili
556 2652 664 2709 bonore
678 2662 762 2726 atque
776 2671 889 2710 amores
910 2662 972 2709 tum
982 2650 1108 2729 primirm
1122 2653 1199 2711 enirn

207 2730 340 2788 veniebat
354 2731 389 2788 ab
404 2731 452 2788 illo
473 2731 612 2788 universe
625 2730 727 2788 Gallie
745 2729 828 2790 bello.
870 2729 952 2787 Nihil
974 2730 1199 2804 relinquebatur,

154 2813 192 2869 3)
206 2809 281 2883 quod
296 2809 483 2866 adornatum
504 2820 658 2884 portarum,
673 2809 817 2876 itinerum,
839 2810 966 2866 locorum
977 2808 1117 2876 omnium,
1144 2809 1200 2885 qul

206 2887 305 2945 Cesar
331 2887 422 2945 iturus
447 2898 519 2955 erat,
545 2887 702 2963 excogitari
728 2898 832 2963 posset.
880 2887 956 2944 Cum
981 2887 1080 2944 liberis
1106 2889 1201 2947 omnis

205 2966 358 3024 multitudo
369 2965 483 3024 obviam
503 2966 695 3043 procedebat:
716 2966 815 3024 hostiae
834 2967 969 3025 omnibus
982 2966 1053 3024 locis
1073 2966 1201 3026 immola·

205 3046 328 3104 bantur:
349 3045 482 3103 tricliniis
502 3045 598 3104 stratis
612 3046 673 3104 fora
692 3046 854 3121 templaque
867 3046 1096 3122 occupabantur,
1111 3057 1144 3104 ut
1158 3047 1201 3105 vel

205 3124 443 3200 exspectatissimi
465 3125 601 3200 triumphi
621 3123 721 3183 letitia
733 3124 849 3201 praecipi
873 3135 976 3200 posset.
1019 3124 1120 3182 Tanta
1140 3137 1202 3188 erat

154 3207 190 3264 35
205 3201 422 3280 magnificentia
444 3204 519 3278 apud
538 3202 740 3280 opulentiores,
763 3203 905 3279 cupiditas
926 3203 1002 3278 apud
1024 3203 1203 3266 humilioresl

245 3283 312 3342 LII.
352 3281 455 3345 Quum
467 3301 568 3340 omues
588 3281 721 3358 regiones
733 3281 835 3340 Gallie
849 3281 972 3358 Togatae
986 3281 1086 3340 Caesar
1099 3301 1202 3358 percu-

201 3363 351 3430 currisset,
366 3361 479 3420 summi
488 3380 556 3420 cnm
569 3361 716 3419 celeritate
728 3362 762 3418 ad
776 3364 933 3418 exercitum
950 3359 1202 3420 Nemetocennam

205 3444 310 3513 rediit3
330 3441 549 3520 legionibusque
568 3460 605 3498 ex
617 3440 751 3502 omnibns
772 3439 908 3514 hybernis
922 3441 958 3498 ad
979 3440 1053 3498 lines
1066 3439 1202 3500 Treviro·

205 3539 269 3577 rum
295 3522 431 3590 evocatis,
451 3519 489 3578 ed
511 3520 656 3597 proiectus
681 3530 734 3588 est,
760 3519 855 3594 ibique
878 3518 1038 3576 exercitum
1061 3518 1200 3579 lustravit

156 3600 192 3656 40
207 3595 245 3654 Τ.
261 3597 419 3660 Labienum
441 3599 544 3658 Gallie
559 3598 681 3676 Togatae
701 3597 838 3673 praefecit,
853 3596 911 3673 qub
925 3597 1033 3674 majore
1055 3617 1202 3657 commen-

206 3675 322 3733 datione
335 3679 537 3738 conciliaretur
551 3679 587 3737 ad
605 3677 771 3736 consulatis
783 3676 960 3753 petitionem.
1002 3677 1070 3753 lpse
1089 3675 1202 3737 tantbm

207 3752 341 3810 itinerum
354 3757 487 3823 faciebat,
501 3754 640 3833 quantirm
654 3755 795 3814 satlsesse
808 3756 844 3814 ad
859 3755 1048 3814 mutationem
1063 3755 1202 3834 locorum,

206 3839 320 3910 propter
353 3833 558 3904 salubritatem,
584 3835 774 3910 eristimabat.
829 3833 875 3892 Ibi
905 3853 1072 3911 quanquam
1100 3833 1204 3896 crebrd

209 3907 354 3974 audiebat,
378 3907 538 3969 Labienum
562 3915 599 3972 ab
623 3913 750 3974 inimicis
768 3913 828 3970 suis
847 3913 1015 3984 sollicitari;
1040 3914 1206 3992 certiorque
