2590 4424
182 395 223 456 ῃ
438 423 440 428 .
542 381 591 433 cn
606 379 722 432 aenio
739 379 899 429 erineo

232 524 351 592 baudra
368 523 555 596 decreverat3
585 524 634 580 sed
652 521 772 579 navibus
784 520 905 579 transire
925 537 1017 596 neque
1030 518 1101 592 satis
1119 530 1214 578 tutum

232 621 294 664 aare
307 602 508 672 arbitrabatur,
520 619 610 676 neque
623 619 692 671 sue,
705 617 798 674 neque
813 597 914 676 Populi
927 598 1052 656 Romani
1065 597 1216 674 dignitatis

233 699 294 740 esse
307 684 460 740 statuebat.
501 682 608 754 Itaque,
622 677 675 734 etsi
691 697 803 734 summa
816 676 968 734 difficultas
981 677 1109 735 faciendi
1120 677 1215 752 pontis

252 761 442 836 reponebatur
451 768 561 837 propter
573 755 771 822 laditudinem,
781 755 970 831 rapiditatem,
981 754 1216 830 altitudinemque

199 849 218 902 5
304 837 370 906 inis,
384 849 479 897 tamen
502 836 529 892 id
544 834 598 889 sibi
618 834 931 905 contendendum,“eut
954 834 1034 891 aliter
1047 853 1105 891 non
1126 844 1217 892 trans·

234 899 399 976 (lucendum
421 913 574 972 exercitum
596 912 785 970 existimabat.
834 911 989 970 Rationem
1013 912 1102 988 igitur,
1122 913 1217 988 pontis

234 997 310 1056 hanc
334 995 460 1052 instituit.
508 989 607 1065 Tigna
633 991 701 1048 bina
721 991 936 1066 sesquipedalia,
957 989 1073 1066 paulirm
1096 991 1132 1047 ab
1160 992 1217 1048 imo
1255 1004 1259 1018 ·

233 1083 384 1148 praecum,
400 1071 529 1138 dimensa
543 1070 579 1125 ad
601 1069 780 1126 altitudinem
794 1069 928 1135 fluminis,
943 1069 1091 1126 intervallo
1110 1071 1215 1144 pedum

233 1151 352 1206 duorum
372 1149 445 1204 inter
459 1166 490 1203 se
508 1147 663 1223 jungebatr
699 1148 771 1204 Haec
782 1165 869 1222 quum
890 1147 1153 1204 machinationibus
1167 1147 1216 1204 im·

185 1239 218 1292 lo
233 1227 319 1284 missa
339 1225 489 1282 indumen
507 1226 654 1292 defixerat,
669 1226 832 1300 fistucisque
854 1226 998 1300 adegerat,
1019 1245 1076 1284 non
1098 1226 1225 1282 sublicae'

233 1306 318 1366 modo
338 1305 445 1362 directa
469 1304 504 1360 ad
524 1304 770 1378 perpendiculum,
793 1304 842 1360 sed
865 1323 956 1378 prona
973 1322 1007 1360 ac
1022 1304 1173 1378 fastigata,
1187 1314 1218 1361 ut

235 1381 393 1442 secundum
406 1393 536 1440 naturam
549 1381 674 1438 ssuminis
687 1383 923 1456 procumberent't
944 1379 979 1438 iis'
993 1383 1060 1438 item
1074 1383 1217 1440 contraria

226 1463 311 1529 hina,
327 1462 496 1519 adeundam
517 1461 632 1517 modum
644 1460 753 1535 juncta,
768 1461 915 1516 intervallo
934 1461 1038 1534 pedum
1059 1462 1218 1537 quadrage·

233 1539 313 1606 ndm,
328 1540 365 1595 ab
386 1540 517 1596 inferiore
530 1549 620 1614 parte,
643 1549 742 1594 contra
756 1539 812 1594 vim
834 1549 918 1612 atque
940 1539 1076 1613 impetum
1090 1539 1218 1596 fluminis

185 1629 218 1680 15
234 1619 527 1674 conversastatuebat.
569 1617 642 1674 Haec
651 1627 768 1691 utraque
780 1617 894 1692 insuper
904 1616 1081 1692 bipedalibus
1090 1617 1219 1674 trabibus

150 1765 153 1772 ι
204 1713 209 1724 ’
235 1695 376 1762 immissis
398 1694 536 1769 quantiam
559 1714 656 1752 eorum
677 1695 821 1770 tignorum
839 1697 974 1772 junctura
995 1696 1127 1762 distabat,
1142 1696 1219 1754 binis

235 1775 365 1850 utrinque
386 1774 479 1830 fibulis
493 1775 528 1830 ab
550 1774 675 1830 extremi
689 1775 1017 1852 partedistinebantur:
1038 1774 1140 1849 quibus
1162 1775 1218 1832 dis

109 1847 113 1858 ’
236 1853 332 1921 clusis,
348 1864 429 1926 atque
443 1853 472 1908 in
487 1852 657 1929 contrariam
671 1863 779 1926 portem
800 1853 943 1919 revinctis,
958 1864 1037 1910 tanta
1050 1863 1110 1909 erat
1121 1852 1218 1927 operia

236 1932 387 1997 firmitudo,
403 1942 484 2005 atque
498 1950 533 1986 ee
553 1949 647 1986 rerum
668 1940 778 1996 natura,
801 1942 841 1996 ut,
856 1931 912 2004 qud
926 1932 1014 2006 major
1029 1931 1070 1987 vis
1084 1949 1166 2005 aquae
1188 1950 1218 1988 se

185 2019 222 2074 20
237 2009 419 2075 incitavisset,
444 2007 499 2066 hbe
524 2007 630 2065 arctius
653 2007 760 2081 illigata
787 2018 961 2066 tenerentur.
1014 2009 1087 2065 Haec
1107 2009 1218 2066 directi

236 2089 353 2146 materie
375 2086 477 2161 injecti
499 2087 731 2151 contexebantur,
748 2096 777 2152 et
799 2085 936 2159 longuriis
949 2085 1130 2162 cratibusque
1150 2107 1220 2146 con·

236 2167 432 2224 sternebantur
445 2186 450 2223 :
473 2184 506 2222 ac
515 2165 603 2222 nihilo
614 2161 708 2220 seoiirs
722 2163 837 2219 sublicae
848 2173 876 2219 at
888 2165 923 2218 ad
935 2164 1095 2220 inferiorem
1107 2177 1218 2240 partem

235 2243 359 2299 fluminis
371 2243 485 2319 oblique
502 2243 667 2319 agebantur,
682 2260 744 2316 quic
757 2261 808 2316 pro
820 2241 928 2315 pariete
944 2242 1088 2316 subjecte,
1102 2254 1133 2300 et
1151 2264 1219 2302 cum

234 2321 309 2378 omni
324 2341 410 2395 opere
424 2323 595 2398 conjuncta,
610 2320 666 2376 vim
687 2319 812 2376 fluminis
825 2319 1007 2394 exciperent:
1028 2329 1057 2374 et
1070 2319 1133 2376 aliae
1148 2322 1219 2381 item

185 2409 220 2462 25
234 2417 318 2473 supra
338 2411 454 2474 pontem
478 2399 614 2456 mediocri
638 2398 737 2474 spatio,
762 2408 802 2465 ut,
827 2397 851 2454 si
875 2398 1005 2454 arborum
1028 2398 1134 2466 trunci,
1158 2403 1219 2460 sive

235 2491 330 2544 naves,
352 2478 506 2552 dejiciendi
527 2478 619 2553 operis
639 2487 734 2534 essent
756 2497 772 2534 a
793 2476 918 2534 barbaris
938 2477 1041 2543 misse,
1056 2477 1102 2537 his
1119 2479 1219 2536 desen-

236 2555 344 2613 soribns
356 2575 454 2614 earum
469 2577 563 2613 rerum
575 2556 617 2613 vis
631 2556 815 2624 minueretur,
829 2553 979 2632 nea'ponti
993 2566 1149 2638 nocerent,

275 2634 390 2692 XVIII.
432 2635 542 2693 Diebus
562 2637 673 2702 decem,
691 2635 794 2709 quihus
813 2635 932 2692 materia
949 2647 1042 2710 coapta
1062 2646 1122 2692 erat
1138 2643 1219 2692 com-

132 2769 136 2776 ,
237 2714 350 2789 portari,
370 2713 447 2770 omni
467 2733 551 2788 opere
565 2715 677 2781 effecto,
700 2714 841 2770 exercitus
860 2714 1060 2770 transducitur.
1109 2713 1217 2779 Cesar,

185 2800 222 2854 30
238 2793 273 2848 ad
293 2803 440 2866 utramque
463 2803 571 2867 partem
594 2793 688 2866 pontis
712 2792 792 2848 firmo
812 2791 943 2866 praesidio
966 2791 1073 2859 relicto,
1098 2791 1127 2848 'rn
1145 2790 1219 2848 lines

237 2868 450 2942 Sigambrorum
470 2871 625 2927 contendit.
667 2868 787 2926 Interim
806 2889 822 2924 a
843 2869 1035 2944 compluribus
1056 2868 1219 2950 civitatibus

238 2947 273 3003 ad
286 2965 352 3004 eum
365 2947 452 3023 legati
465 2948 591 3014 veniunt,
605 2947 707 3022 quibus
720 2965 820 3021 pacem
836 2957 919 3021 atque
931 2949 1085 3006 amicitiam
1098 2947 1219 3024 petenti·

154 3075 157 3082 .
237 3025 290 3081 bus
303 3025 455 3084 liberaliter
475 3025 628 3102 respondit,
643 3026 811 3100 obsidesque
826 3027 861 3082 ad
875 3045 905 3082 se
927 3028 1032 3084 adduci
1047 3027 1135 3103 jubet.
1177 3027 1219 3083 At

238 3103 390 3178 Sigambri,
413 3126 448 3162 ex
466 3125 500 3162 co
523 3116 648 3180 tempore
662 3123 717 3178 quo
737 3123 808 3178 pons
827 3104 935 3161 institui
959 3116 1069 3181 coeptus
1078 3114 1131 3171 est,
1150 3105 1219 3180 suga

185 3189 221 3242 35
237 3184 409 3257 comparati,
425 3183 601 3240 hortantibus
615 3182 659 3258 iia,
673 3202 742 3257 quos
755 3202 792 3238 ex
812 3181 1005 3241 Tenchtheris
1022 3195 1105 3258 atquc
1119 3182 1221 3258 Usipe-

238 3257 325 3330 tibus
340 3261 414 3336 apud
440 3281 471 3319 se
497 3263 651 3328 habehant,
678 3260 783 3318 finibus
809 3261 868 3316 suis
894 3273 1084 3329 excesserant,
1099 3279 1219 3335 suaque

237 3338 334 3396 omnia
359 3351 582 3416 exportaverant,
610 3359 695 3414 seque
729 3339 758 3396 in
786 3334 970 3398 solitudinem
993 3361 1027 3398 ac
1053 3340 1144 3415 sylvas
1171 3341 1221 3396 ab·

238 3417 378 3476 diderant.

276 3493 364 3552 XIX.
405 3499 512 3566 Cesar,
532 3515 639 3574 paucos
651 3496 713 3552 dies
731 3494 761 3552 in
774 3515 872 3554 eorum
887 3498 990 3556 finibus
1010 3503 1144 3562 moratus,
1159 3515 1221 3556 om·

186 3579 222 3632 40
237 3570 403 3631 nibusvicis
424 3573 605 3651 aedi'ficiisqne
626 3574 760 3641 incensis,
779 3575 982 3652 frumentisque
996 3572 1125 3640 succisis,
1144 3593 1175 3632 se
1189 3576 1219 3634 in

238 3649 309 3706 fines
322 3649 461 3711 Ubiorum
482 3656 606 3732 recepit;
627 3663 709 3726 atque
728 3652 763 3709 iis
777 3653 913 3710 auxilium
933 3671 1015 3710 suum
1028 3651 1181 3728 pollicitus,
1194 3655 1218 3710 si

189 3729 192 3738 '
240 3727 276 3786 ab
292 3728 394 3786 Suevis
406 3737 611 3806 promerentur,
625 3733 687 3788 hec
704 3731 744 3806 ab
760 3730 957 3807 iiscognovit:
979 3725 1096 3799 Suevos,
1111 3743 1220 3807 postea·

239 3825 323 3882 quam
341 3825 390 3880 per
412 3809 604 3882 exploratores
624 3820 739 3885 pontem
763 3810 824 3871 fieri
845 3809 1058 3884 comperissent,
1076 3829 1156 3868 more
1168 3829 1220 3868 suo

241 3883 362 3942 concilio
385 3885 491 3951 habito,
516 3890 638 3946 nuncios
658 3887 688 3944 in
711 3906 811 3944 omnes
833 3896 927 3961 partes
948 3887 1099 3956 dimisisse,
1118 3887 1159 3945 uti
1182 3889 1219 3946 de
