2564 4422
169 354 228 416 att
540 312 895 398 nasataooarmoo

258 490 309 550 II.
349 489 458 559 Nostri
470 507 560 566 quum
568 489 695 566 mique
707 497 912 564 premeremm,
925 485 1027 546 XLVI
1040 489 1202 550 uenturion·

220 571 284 628 ibus
297 568 418 636 amissis,
431 567 535 646 dejecti
553 579 620 625 sunt
632 567 714 625 loeo:
735 566 786 624 sed
806 564 1004 624 intolerantius
1017 565 1119 625 Gallos
1132 569 1201 626 inse·

219 658 338 724 quentss
349 647 426 726 legio
438 647 469 706 X
482 645 612 714 tardavit,
626 663 688 721 quta
701 664 753 720 pro
765 644 893 702 subsidio
905 643 991 720 panld
1005 645 1131 720 equiore
1143 647 1201 706 looo

218 728 393 789 sensisset
434 726 521 784 ilaue
537 743 635 782 rursus
648 723 727 780 XIII
740 722 862 800 legionis
875 723 1006 780 cohortes
1018 736 1200 800 exeepertmt,

186 809 205 864 5
218 823 292 883 qun,
304 825 341 867 aa
354 804 454 864 eastris
467 803 624 862 minoribus
636 804 757 869 eduotae,
769 821 835 860 oum
849 800 887 858 T.
902 801 1001 859 Sextio
1013 802 1110 878 legato
1123 822 1201 880 oepe-

219 895 284 944 rant
303 884 397 943 looum
423 881 607 959 superiorem.
660 880 812 956 Legiones,
834 879 884 936 ubi
906 877 1036 956 'primum
1056 881 1200 956 planitiem

219 963 383 1039 attigeram,
397 959 621 1020 infestisoontra
634 960 729 1018 hoster
742 958 831 1035 signis
845 957 1042 1016 mastiterunt.
1084 959 1200 1018 veen-

219 1041 329 1118 getorix
357 1039 393 1098 ab
420 1037 566 1098 radicibus
588 1037 669 1096 sollis
692 1055 757 1095 suos
783 1037 859 1095 intra
885 1036 1060 1095 munitiones
1083 1039 1196 1098 reduxit

219 1119 267 1178 Eo
276 1118 323 1178 dia
337 1117 442 1176 milites
454 1128 521 1175 sinat
533 1114 620 1193 paulo
633 1114 729 1174 minus
742 1115 823 1173 DCC
837 1114 1000 1174 desiderati.

171 1201 205 1256 ta
258 1195 325 1256 LII.
366 1197 483 1256 Postero
504 1195 553 1253 die
565 1195 673 1262 Caesar,
687 1193 826 1253 concione
847 1193 995 1262 adroomi,
1016 1194 1198 1253 temeritatem

219 1275 461 1360 eupiditatemqne
481 1274 603 1348 militum
624 1272 816 1348 reprehendit,
831 1271 925 1348 ‘qudd
948 1271 1003 1329 tibi
1027 1272 1082 1348 ipsi
1095 1272 1198 1348 judiea-

219 1353 402 1429 timentque
414 1353 637 1430 prooedeudum,
650 1361 699 1408 aut
710 1350 779 1426 quid
790 1352 933 1427 agendum
946 1350 1097 1418 sidereum,
1111 1370 1198 1427 neque

220 1431 302 1506 signo
320 1430 479 1508 reeipiendi
493 1431 560 1488 dato
572 1429 776 1502 constitissent,
790 1447 882 1504 neque
897 1430 933 1488 ab
946 1429 1067 1488 tribunis
1079 1429 1198 1488 militum

219 1507 376 1584 legatisque
388 1508 505 1566 retineri
523 1507 682 1584 potuissent
694 1507 712 1564 ε’
732 1508 868 1584 exposito,
884 1507 969 1584 ‘quid
993 1507 1128 1582 iniquitas
1147 1508 1198 1566 loai

173 1591 205 1646 Β
219 1597 323 1662 posset,
337 1587 404 1662 quid
426 1587 486 1664 ipse
500 1587 537 1644 ad
559 1585 715 1646 Avarioum
733 1587 884 1654 sensisset,
892 1605 991 1662 quum,
1004 1585 1067 1644 sine
1080 1587 1155 1644 duos
1173 1598 1199 1644 et

220 1665 282 1724 sine
314 1662 441 1741 equitatu
473 1665 659 1742 deprehensis
685 1660 822 1733 hostibus,
843 1665 1030 1740 ¹‚exploratum
1056 1663 1197 1722 victoriam

220 1744 381 1812 dimisisset,
408 1764 446 1802 ns
478 1763 596 1822 parvum
621 1743 706 1804 modo
733 1743 935 1802 detrimentum
961 1743 991 1800 in
1021 1743 1197 1814 contentione

219 1833 331 1900 propter
357 1823 535 1900 iniquitatem
561 1823 618 1881 looi
645 1823 795 1881 assideret.
849 1822 969 1882 Quanto
995 1841 1081 1898 opere
1107 1840 1197 1880 eorum

220 1901 310 1960 animi
322 1902 549 1978 magnitudinem
570 1901 765 1968 admiraretur,
779 1920 849 1976 quos
862 1920 920 1958 non
933 1910 1092 1958 saeuorum
1112 1899 1197 1958 muni·

171 1984 208 2040 Ν
220 1979 322 2048 tiones,
333 1995 391 2040 non
406 1981 524 2040 altitudo
544 1980 659 2048 montis,
673 1999 731 2038 non
744 1998 842 2036 murus
856 1978 951 2054 oppidi
965 1979 1078 2037 tardare
1099 1977 1196 2054 potuis·

221 2069 286 2128 set3
319 2070 399 2118 tanto
424 2078 508 2136 opere
534 2057 952 2134 litantium-arrogantiamque
985 2057 1196 2132 reprehendere,

221 2135 297 2211 quod
323 2136 388 2212 plus
410 2156 451 2203 se,
477 2135 564 2210 quim
588 2137 795 2211 imperatorem,
816 2136 852 2192 de
876 2134 995 2194 viatoria
1019 2145 1103 2210 atque
1125 2133 1197 2192 exitu

112 2257 115 2264 .
220 2232 314 2270 rerum
335 2213 440 2270 sentire
461 2213 673 2272 existimarent:
702 2233 757 2271 neo
778 2212 874 2274 minds
894 2232 925 2270 se
939 2212 969 2270 in
990 2213 1081 2270 milite
1094 2213 1197 2271 modes-

220 2289 289 2348 tiam
301 2301 331 2348 et
344 2289 561 2359 eontinentiam,
575 2289 661 2368 quam
681 2291 813 2351 virtutem
824 2301 910 2367 atque
924 2291 1013 2348 animi
1032 2290 1197 2368 magnitudi-

171 2373 206 2428 25
220 2387 286 2426 nem
299 2368 470 2427 desiderare.

259 2446 342 2505 LIII.
383 2447 450 2506 Hau
467 2447 565 2507 habita
585 2449 734 2517 oonoione,
749 2459 778 2506 et
802 2450 1009 2520 adexmemam
1029 2447 1198 2512 oonlirmatis

219 2525 366 2594 militibus,
382 2526 445 2584 ‘Ne
464 2529 503 2585 ob
523 2528 599 2586 hane
620 2546 737 2585 oaumm
759 2527 854 2586 animo
874 2537 1115 2603 permoverentur,
1135 2544 1198 2596 neu,

220 2605 449 2682 qu0d1iuiquims
469 2606 525 2664 looi
547 2606 695 2678 attulisset,
714 2606 744 2664 id
765 2605 860 2664 virtuti
880 2605 1005 2663 hostium
1017 2605 1175 2662 tribuerent
1182 2605 1197 2672 ς’

220 2684 320 2742 eadem
334 2685 370 2742 de
390 2685 564 2761 profectione
585 2684 724 2761 oogitans,
746 2703 809 2759 quse
829 2683 895 2742 ante
917 2695 1052 2762 senserat,
1073 2683 1200 2758 legiones

171 2763 376 2822 attexemus
397 2763 504 2830 eduxit,
529 2763 676 2837 aciemque
697 2762 800 2821 idoneo
820 2763 883 2821 loeo
906 2761 1057 2821 oonshtuit
1098 2759 1201 2821 Quum

220 2839 438 2914 Vercingetorix
468 2839 652 2898 nihilominus
682 2840 712 2898 in
736 2846 848 2916 aequum
881 2842 989 2900 looum‘
1002 2839 1199 2910 deseenderet,

219 2917 275 2975 levi
289 2918 364 2976 faoto
377 2917 501 2994 equestri
520 2919 626 2995 prelio,
642 2928 724 2994 atque
735 2939 770 2978 eo
790 2920 927 2987 moundo,
941 2919 972 2977 in
987 2927 1082 2977 eastra
1093 2917 1201 2976 exerui·

220 3007 280 3054 tum
293 2996 413 3056 reduxit.
454 2995 555 3060 Quum
576 2998 631 3056 hoe
651 2997 728 3056 idem
748 3001 859 3074 postero
877 2998 924 3056 die
945 2997 1069 3064 fecisset,
1084 2993 1154 3054 satis
1168 2995 1200 3053 ad

219 3074 360 3132 Gallicam
373 3075 589 3134 ostentationem
609 3076 991 3152 minuendam'militumque
1006 3075 1118 3133 animos
1138 3093 1202 3132 oon·

170 3159 205 3212 35
220 3151 372 3210 firmandos
383 3153 717 3222 faetumexistimans,-in
726 3154 1046 3214 AEduosoastramovit.
1087 3153 1201 3210 Netum
1252 3165 1253 3172 ’

219 3231 334 3308 quidem
345 3230 482 3290 inseoutis
494 3232 631 3300 hostibus,
646 3233 729 3292 tertio
741 3234 788 3291 die
803 3235 839 3290 ad
853 3233 959 3291 flumen
973 3231 1079 3291 Elaver
1088 3242 1201 3308 pontem

219 3311 327 3380 reiecit,
343 3321 427 3388 atque
437 3309 594 3368 exereitum
607 3312 739 3370 traduxit.

257 3389 337 3447 LIV.
378 3390 424 3448 Ibi
438 3409 456 3448 a
468 3389 648 3448 Viridomaro
662 3402 745 3466 atque
759 3390 952 3466 Eporedorige
964 3387 1069 3447 AEduis
1083 3388 1201 3464 appella·

219 3476 273 3534 tus,
295 3470 389 3538 disoit,
412 3481 496 3526 ‘oum
518 3469 597 3526 omni
617 3469 744 3544 equitatu
768 3467 928 3527 Litariotim
949 3468 986 3525 ad
1010 3466 1201 3524 sollicitandos

171 3547 205 3602 ⁴⁰
221 3543 330 3602 AEduos
349 3549 526 3622 profestum:
553 3565 625 3622 opus
644 3564 706 3603 esse
724 3558 754 3605 et
774 3547 848 3622 ipsos
858 3547 1023 3623 praeoedere
1045 3546 1081 3603 ad
1102 3544 1201 3604 eonfit-

220 3622 354 3679 mandam
366 3625 530 3683 civitatem?
571 3625 633 3682 Etsi
646 3624 743 3683 multis
760 3625 819 3701 jam
831 3626 918 3682 rebus
931 3623 1080 3700 perfidiam
1096 3615 1201 3682 AEduo·

220 3717 284 3756 mm
316 3699 413 3758 Cesar
445 3713 622 3778 perapeutam
655 3704 789 3774 habehat,
823 3713 919 3776 atque
939 3703 1041 3760 horum
1075 3701 1200 3758 disoessu

221 3775 393 3834 admaturari
402 3778 592 3838 defeotionem
605 3781 727 3840 civitatis
746 3779 947 3848 existimabatt
967 3791 1066 3838 tumen
1079 3780 1200 3836 retinen·

221 3853 272 3913 dos
294 3869 343 3910 eos
363 3870 420 3908 non
443 3851 564 3922 censuit,
586 3876 623 3915 ne
645 3868 693 3914 aut
706 3859 809 3916 inferre
829 3855 964 3931 injuriam
986 3857 1141 3924 videretur,
1154 3865 1201 3914 aut
