2562 4412
297 317 308 406 Ἰ
411 317 520 370 crans
535 312 721 370 ocmvus:
1050 326 1109 398 lot

68 459 167 528 babet,
182 458 211 516 id
225 458 271 536 agi
291 477 448 534 paucorum
462 461 599 528 consiliis,
613 472 655 534 ut,
675 461 841 538 interposita
860 463 978 523 sanaris
991 484 1059 525 auo·

67 539 193 606 toritate,
208 535 302 613 aliqud
322 549 402 614 parte
422 539 566 598 exercitus
585 539 771 615 spoliaretur:
792 552 888 599 tamen
910 562 1002 619 neque
1021 545 1058 604 de

67 613 201 677 Labieno
224 616 346 673 credidit
368 617 533 693 quidquam,
555 637 657 693 neque,
678 630 779 676 conus
798 620 915 680 senatus
937 623 1060 682 auctori·
1153 621 1155 626 ’

67 707 158 755 tatem
172 705 203 753 ut
217 693 323 770 aliquid
336 695 451 762 faceret,
460 696 552 770 potuit
565 697 687 754 adduci:
705 697 854 774 judicabat
861 699 950 768 enim,
960 699 1058 760 liberis

68 773 221 834 sententiis
254 773 370 831 Petrum
401 774 634 850 conscriptorum
664 794 782 834 causam
810 777 894 836 facile
924 778 1056 838 obtineri.
1089 791 1109 845 5

68 853 148 913 Nun
161 852 197 910 C.
212 851 311 920 Curio,
333 851 578 929 tribunusplebis,
591 871 679 929 quum
692 854 816 914 Caesaris
833 874 950 916 causam
963 857 1058 934 digni-

68 941 214 1007 tatemque
227 929 439 989 defendendam
459 933 640 1009 suscepisset,
654 932 732 1010 sepe
744 945 807 992 erat
824 935 937 994 senatui
949 935 1059 1012 pollici·

68 1022 125 1080 tus,
142 1010 185 1067 ‘si
204 1027 290 1085 quern
312 1008 396 1068 timor
419 1029 561 1069 armorum
582 1011 706 1070 Caesaris
723 1013 848 1082 lederet,
862 1024 901 1081 et,
922 1011 1059 1089 quoniam

68 1088 199 1166 Pompeii
220 1087 377 1148 dominatio
398 1098 481 1164 atque
499 1109 578 1148 arma
598 1109 656 1150 non
677 1091 827 1150 minimum
848 1103 984 1167 terrorem
998 1094 1058 1152 foro

69 1168 218 1236 inferrent,
238 1167 397 1226 discederet
417 1179 535 1244 uterque
549 1169 586 1227 ab
606 1170 702 1238 armis,
715 1171 913 1246 exercitusque
934 1171 1109 1236 dimitte-1⁰

69 1258 145 1318 retu
161 1247 220 1305 fore
240 1265 276 1305 eo
296 1257 380 1322 paeto
400 1246 519 1304 liberam
539 1257 569 1306 et
588 1248 633 1305 sui
650 1249 723 1324 juris
740 1249 921 1308 civitatem!¹
955 1249 1058 1326 Neque

69 1327 126 1385 boc
152 1322 266 1384 tantdm
291 1325 435 1401 pollicitus
454 1337 516 1396 est;
543 1327 595 1384 sed
614 1327 702 1385 etiam
728 1347 779 1404 per
799 1348 831 1386 se
853 1327 1058 1388 discessionem

69 1404 167 1464 facere
191 1404 294 1480 coepit3
317 1403 405 1481 (quod
429 1423 466 1462 ne
492 1405 583 1474 lieret,
606 1406 740 1464 consules
767 1406 908 1483 amicique
928 1407 1059 1484 Pompeii

66 1483 214 1564 jusserunt
225 1485 347 1618 qiatque
361 1483 402 1542 ita
414 1503 474 1540 rem
489 1485 663 1542 moderando
676 1485 877 1544 discesserunt.

110 1561 196 1620 Llll.
273 1581 378 1638 agnum
403 1563 457 1620 lroc
480 1563 673 1620 testimonium
694 1565 811 1622 senatds
837 1575 899 1622 erat
922 1564 1057 1633 universi,
1075 1573 1110 1630 15

70 1640 302 1716 conveniensque
335 1641 473 1717 superiori
506 1642 590 1700 facto.
641 1640 718 1700 Nam
749 1642 905 1700 lllaroellus
930 1644 1060 1720 proximo

70 1739 158 1787 anno,
178 1739 266 1795 quum
291 1720 470 1796 impugnaret
491 1719 615 1777 Caesaris
637 1720 818 1796 dignitatem,
842 1731 942 1778 eontra
964 1721 1059 1796 legem

69 1797 200 1874 Pompeii
225 1809 255 1856 et
281 1798 380 1855 Crassi
406 1799 540 1856 retulerat
567 1809 633 1857 ante
663 1809 776 1874 tempus
801 1799 837 1856 ad
863 1810 995 1857 senatum
1021 1799 1058 1856 de
1166 1845 1170 1852 ,

70 1876 195 1936 cesaris
205 1877 374 1953 provinciis;
395 1878 599 1952 sententiisque
609 1877 705 1946 dictis,
715 1878 920 1936 discessionem
933 1876 1058 1935 faciente

70 1955 221 2023 Marcello,
246 1956 295 2032 qui
322 1955 376 2013 sibi
402 1975 516 2014 omnem
543 1957 713 2033 dignitatem
737 1976 775 2014 ex
800 1955 925 2042 §esuris
951 1955 1059 2014 invidit
1073 1961 1110 2018 Μ

70 2035 226 2112 querebat,
240 2045 356 2092 senatus
379 2035 511 2110 frequens
533 2035 562 2094 in
587 2035 643 2094 alia
665 2036 762 2094 omnia
780 2035 901 2093 transiit.
941 2034 1059 2097 Quibus

70 2133 129 2175 non
150 2114 354 2190 frangebantur
379 2113 466 2172 animi
488 2113 669 2174 inimicorum
693 2114 826 2183 cesaris,
850 2115 901 2172 sed
925 2115 1060 2172 admone-

71 2193 186 2261 bantur,
213 2192 270 2269 qud
297 2193 418 2269 majores
434 2205 576 2268 ¹pararent
602 2194 839 2262 necessitudines,
866 2193 970 2270 quibus
995 2192 1061 2270 cogi

70 2283 167 2350 posset
180 2283 297 2330 senatus
311 2272 340 2329 id
353 2273 482 2349 probare,
497 2274 573 2347 quod
587 2272 641 2348 ipsi
654 2273 877 2331 constituissent.

110 2351 191 2409 LIV.
233 2350 281 2408 l'it
304 2351 409 2408 deinde
431 2351 461 2408 S.
486 2351 533 2418 0.,
557 2362 589 2408 ut
612 2352 648 2408 ad
670 2352 777 2408 bellum
798 2351 965 2408 Parthicum
986 2350 1062 2428 legio
1076 2357 1112 2412 2⁵

72 2449 131 2490 una
154 2449 173 2488 a
193 2429 248 2488 Cn.
270 2429 415 2505 Pompeio,
438 2430 526 2487 altera
548 2429 612 2486 aC.
632 2428 747 2488 Oesare
771 2429 948 2486 mitteretur:
969 2448 1062 2505 neque

71 2507 194 2568 obscure
209 2509 252 2566 hm
271 2509 335 2566 duae
349 2509 477 2586 legiones
490 2507 540 2565 uni
554 2507 663 2566 Cesari
676 2508 872 2566 detrahuntur.
910 2505 990 2564 Nam
1005 2507 1061 2564 Cn.

72 2587 232 2664 Pompeius
240 2587 382 2663 legionem
395 2587 525 2664 primam,
539 2605 625 2662 quam
640 2587 676 2644 ed
691 2586 837 2644 cesarem
851 2584 977 2652 miserat,
993 2602 1063 2642 con·

73 2667 181 2725 lectam
193 2685 230 2724 ex
253 2667 359 2724 dilectu
378 2665 531 2742 provincie
554 2665 688 2733 Gresaris,
708 2684 774 2724 eam
796 2675 932 2739 tanquam
953 2679 989 2720 ex
1010 2680 1063 2720 suo

71 2763 194 2804 numero
220 2745 307 2802 dedit.
328 2746 448 2802 'Cbssr
473 2743 582 2815 temen,
606 2763 694 2820 quum
718 2745 756 2802 de
777 2743 920 2801 voluntate
942 2739 1062 2800 minimd
1078 2747 1114 2802 30

73 2824 193 2881 dubium
207 2834 283 2882 esset
304 2824 528 2882 adversariorum
546 2842 672 2891 suorum,
686 2823 742 2882 Cn.
764 2822 901 2899 Pompeio
920 2821 1063 2898 legionem

73 2901 193 2969 remisit,
218 2913 246 2960 et
267 2922 319 2960 suo
339 2902 455 2960 nomine
483 2901 625 2960 decimam
649 2902 789 2977 quintam,
809 2921 895 2976 quam
920 2920 949 2957 m
967 2897 1064 2957 dulit

73 2980 206 3039 citeriore
228 2982 376 3048 habuerat,
391 2999 427 3038 ex
449 2979 709 3040 senatusconsulto
725 2981 808 3057 jubet
826 2978 910 3038 tradi.
951 2977 987 3035 lu
1001 2977 1064 3054 ejus

73 3059 169 3118 locum
184 3059 262 3117 Xlll
278 3060 419 3135 legionem
435 3059 464 3117 in
479 3059 592 3117 Italiam
606 3058 780 3135 mittitque
794 3057 927 3134 presidia
940 3068 1063 3126 tueatur,

20 3199 22 3216 ,
72 3137 228 3213 exquibus
248 3139 387 3214 praesidiis
400 3138 514 3196 decima
533 3137 633 3214 quinta
652 3137 858 3196 deducebatur.
900 3135 966 3213 lpse
985 3155 1066 3193 exer·
1079 3141 1115 3196 35

20 3223 22 3254 l
73 3217 144 3275 citui
158 3216 303 3274 distribuit
325 3218 472 3292 hyberna:
493 3217 529 3274 C.
544 3215 734 3286 Trebonium,
756 3234 824 3275 oum
844 3214 1007 3291 legionibus
1021 3213 1064 3271 lv

74 3295 103 3352 in
135 3294 237 3371 belgio
262 3295 404 3366 collocat3
438 3296 473 3352 C.
507 3295 631 3353 Fabium
656 3313 724 3354 oum
750 3295 868 3358 totidem
895 3293 925 3350 in
954 3290 1065 3349 AEduos

23 3389 25 3458 ξ
72 3373 201 3432 deducit.
243 3373 294 3431 Sic
315 3374 393 3432 enirn
413 3374 604 3442 existimabat,
625 3373 796 3434 tutissimam
815 3372 873 3430 fore
891 3369 1026 3442 Galliam,
1040 3369 1065 3427 ai

73 3447 182 3528 Belgae,
203 3471 323 3528 quorum
345 3452 589 3520 merimannus,
613 3463 643 3510 et
657 3451 756 3522 AEldni,
769 3468 889 3528 quorum
911 3448 1066 3508 auctoritas

72 3549 188 3589 summa
213 3541 298 3598 esset,
326 3530 504 3589 exercitibus
526 3530 750 3607 qoutinerentnr.
801 3529 867 3606 lpse
894 3528 924 3586 in
951 3525 1066 3588 ltaliam
1081 3532 1117 3590 40

71 3609 221 3686 profectus
234 3619 286 3666 est.

110 3688 177 3748 LV.
217 3684 291 3750 Qua
316 3706 404 3763 quum
425 3686 558 3756 venisset,
585 3685 734 3765 cognoscit
756 3705 808 3764 per
833 3684 869 3744 (l.
894 3683 1066 3744 Marcellum

73 3766 234 3835 consulem,
255 3765 385 3841 legiones
410 3765 492 3834 duas,
513 3767 551 3824 ab
571 3785 603 3824 se
625 3765 768 3834 remim,
788 3781 852 3840 que
874 3782 913 3823 ex
928 3761 1066 3824 'metite
1097 3791 1099 3796 ·

73 3844 207 3905 consulto
226 3845 367 3904 deberent
388 3845 425 3903 ad
446 3844 613 3904 Parthicum
625 3843 732 3904 mun
751 3843 832 3919 tasi,
852 3842 909 3904 Cn.
930 3838 1066 3916 Pompeio

1023 4063 1042 4110 ut'

1024 4115 1045 4277 lj
