2590 4424
357 237 364 250 '
407 244 412 254 ·
450 252 631 304 sermm
648 250 808 304 cubico

146 415 252 474 niagno
271 413 338 454 cum
357 395 485 471 periculo
510 397 547 470 ad
569 413 636 453 eum
655 395 807 452 :nisurum
826 404 857 452 ct
876 392 1040 452 bominibus
1059 395 1129 454 laris

145 475 324 552 objecturum
348 475 537 532 existimabat.
590 473 859 532 Commodissimum
886 473 978 530 visum
1003 483 1056 540 est,
1089 474 1128 534 0.

148 553 297 612 Valerium
310 551 473 620 Procillum,
487 552 522 609 C.
537 552 646 609 Valerii
659 551 767 609 Caburi
780 550 880 618 lilium,
899 551 1011 608 summi
1024 551 1129 610 virute

147 641 177 688 et
209 631 384 690 humanitate
421 631 632 690 adolescentem
659 629 755 707 (cujus
787 640 867 704 pater
899 648 917 686 a
949 629 984 686 C.
1011 628 1130 688 Valerio

94 707 256 770 ‘5Placco
281 709 395 767 civitate
415 711 537 768 mustus
557 711 631 786 erat)
657 719 687 765 et
712 718 824 783 propter
850 707 936 766 sidem
960 717 990 764 et
1014 717 1129 782 propter

147 785 252 864 lingua:
272 787 391 845 Gallice
414 786 573 854 aciemiam,
594 787 651 863 qud
663 787 753 843 multi
770 786 830 860 jam
843 785 1004 842 Ariovistus
1016 786 1130 861 longiu-

147 867 203 940 qud
222 866 431 924 consuetudine
442 867 582 933 utebatur,
596 875 625 922 et
639 863 717 939 qudd
730 865 760 921 in
770 883 806 922 eo
824 864 967 938 peccandi
976 863 1130 920 Germanis

147 961 236 1002 causa
255 963 313 1001 uon
333 954 417 1011 esset,
439 945 475 1000 ad
495 963 561 1000 eum
580 943 702 1010 mittere,
723 952 752 1000 et
769 941 812 998 Μ.
830 941 974 1008 Mettium,
995 941 1044 1016 qui
1065 942 1129 1000 bos·

146 1021 217 1097 pitio
240 1021 376 1079 Ariovisti
396 1041 464 1078 usus
485 1031 555 1080 erat.
604 1022 659 1079 His
683 1021 838 1086 mandavit,
862 1032 903 1087 ut,
926 1039 989 1094 que
1020 1020 1129 1079 diceret

99 1105 134 1159 1⁰
148 1099 317 1167 Ariovistus,
341 1110 547 1176 cognoscerent
582 1110 612 1157 et
638 1100 675 1156 ad
697 1117 728 1156 se
751 1099 897 1156 referrent.
937 1099 1022 1160 Quos
1040 1117 1129 1174 quum

148 1178 223 1252 apud
250 1197 281 1235 se
308 1178 338 1235 in
367 1179 468 1236 castris
495 1178 654 1235 Ariovistus
687 1177 889 1252 conspexisset,
923 1177 1051 1234 exercitu
1076 1195 1130 1236 suo

146 1255 719 1422 :assuescas
739 1255 1155 1412 statuam:

147 1422 280 1468 conectt

100 1493 134 1550 15
187 1430 330 1546 tiLvtn.
371 1487 481 1548 Eodem
494 1489 541 1547 die
554 1500 648 1547 castra
659 1489 806 1565 promovit,
820 1500 849 1547 et
856 1489 981 1546 millibus
993 1507 1129 1564 passuum

147 1584 198 1624 sex
212 1585 229 1624 a
242 1565 364 1624 Cesaris
376 1569 479 1626 castris
489 1569 543 1626 sub
555 1579 650 1628 monto
668 1568 805 1624 consedit.
847 1567 986 1624 Postridie
996 1567 1057 1641 ejus
1070 1567 1129 1624 diei

146 1656 248 1720 praeter
274 1656 367 1702 castra
393 1645 516 1704 Caesaris
542 1665 608 1706 suas
633 1646 731 1721 copias
755 1645 925 1712 transduxit,
952 1655 982 1702 et
1003 1645 1129 1702 millibus

146 1739 281 1798 passuum
294 1724 405 1782 duobus
425 1725 499 1782 ultra
510 1744 577 1782 eum
597 1735 692 1782 castra
704 1723 783 1790 fecit,
803 1743 838 1780 eo
857 1720 986 1788 consilio,
1008 1721 1049 1779 utl
1071 1723 1129 1780 fru-

147 1811 244 1859 mento
256 1813 483 1877 commeatuque,
492 1803 540 1877 qui
553 1822 589 1859 ex
602 1802 744 1876 Sequanis
753 1811 783 1858 et
796 1801 900 1858 AEduis
908 1810 1127 1877 supportaretur,

98 1882 134 1938 w
149 1879 292 1936 Caesarem
312 1879 522 1937 intercluderet.
563 1879 608 1938 Ex
626 1899 662 1936 eo
681 1879 728 1936 die
753 1878 815 1935 dies
834 1879 985 1936 continuos
1004 1878 1128 1953 quinque

147 1958 245 2015 Cesar
259 1975 310 2032 pro
330 1958 431 2014 castris
451 1976 517 2012 suas
537 1957 634 2029 copias
646 1956 779 2034 produxit
798 1967 828 2011 et
847 1956 939 2013 aciem
960 1956 1127 2012 instructam

146 2034 256 2100 habuit,
277 2044 318 2100 ut,
332 2035 357 2091 si
370 2033 454 2090 vellet
471 2031 630 2090 Ariovistus
642 2031 740 2106 prelio
760 2033 942 2099 contendere,
956 2032 984 2089 ei
1004 2042 1128 2107 potestas

146 2131 205 2170 nou
218 2111 338 2168 deesset.
379 2109 539 2167 Ariovistus
560 2109 604 2166 his
616 2110 749 2167 omnibus
769 2110 871 2167 diebus
890 2110 1047 2167 exercitum
1065 2129 1128 2168 cas·

146 2189 197 2246 tria
219 2186 382 2255 continuit:
412 2187 535 2262 equestri
557 2187 654 2262 prelio
676 2188 801 2263 quotidie
822 2189 977 2246 contendit.
1028 2188 1128 2245 Genus

98 2270 134 2326 25
148 2267 202 2324 hoc
212 2277 273 2324 erat
282 2283 394 2341 pugne,
406 2285 462 2340 quo
471 2285 502 2322 se
512 2266 649 2324 Germani
659 2277 854 2324 exercuerant
895 2266 1031 2341 Equitm
1038 2266 1128 2324 millia

147 2355 228 2416 erant
241 2363 311 2413 sex:
331 2344 448 2402 tetidem
464 2357 587 2402 'numero
599 2345 710 2420 pedites
729 2344 899 2402 velocissimi
913 2363 947 2401 ac
966 2344 1125 2414 fortissimi3

146 2441 216 2498 quos
229 2441 266 2480 ex
277 2422 355 2481 omni
376 2423 459 2500 cupii
473 2423 578 2500 singuli
598 2423 735 2500 singulos,
749 2443 807 2481 sue
828 2422 926 2480 salutis
939 2423 1037 2490 causa,
1051 2422 1127 2479 dele-

146 2512 256 2578 gerant.
297 2502 372 2559 Cum
393 2501 485 2559 bisin
505 2501 610 2578 preliis
631 2502 826 2569 versabantur,
846 2502 882 2559 ad
896 2502 948 2558 hos
967 2519 998 2558 se
1019 2500 1128 2575 equites

147 2580 341 2656 recipiebant:
370 2581 410 2650 hi,
424 2582 448 2639 si
468 2581 536 2656 quid
557 2592 618 2638 erat
637 2581 745 2647 durius,
767 2581 995 2636 concurrebant:
1024 2579 1048 2635 ti
1067 2578 1126 2652 qui,

99 2659 135 2716 ³⁰
147 2659 275 2734 graviore
296 2658 412 2718 vulnere
436 2670 564 2734 accepto,
585 2678 659 2736 equo
681 2659 836 2724 deciderat,
860 2657 1126 2714 circumsistebant:

147 2735 172 2791 si
191 2735 248 2809 qud
268 2746 331 2792 erat
349 2735 462 2811 longius
481 2737 688 2812 prodeundum,
711 2753 759 2793 aut
780 2732 901 2794 celerius
921 2735 1127 2810 recipiendum,

147 2823 226 2871 tauta
245 2824 307 2871 erat
328 2813 428 2872 horum
448 2813 652 2873 exercitatione
672 2815 813 2882 celeritas,
834 2824 874 2882 nt,
894 2813 972 2891 jubis
992 2831 1128 2889 equorum

146 2891 294 2960 sublevati,
309 2911 424 2950 currum
438 2893 628 2967 adaquarent.

185 2970 298 3040 XLIX.
339 2967 396 3027 Ubi
418 2989 484 3028 eum
508 2971 609 3028 castris
631 2991 662 3028 se
679 2982 778 3029 tenere
798 2969 895 3030 Caesar
918 2969 1067 3036 intellexit,
1090 2989 1128 3027 ne
1202 2949 1206 2955 ι
1281 2995 1282 3040 l

99 3051 134 3104 35
147 3046 253 3105 diutius
267 3058 427 3106 commeatu
446 3049 651 3124 prohiberetur,
665 3049 739 3106 ultra
751 3068 816 3107 eum
834 3050 939 3116 locum,
953 3048 1052 3123 quoin
1065 3047 1129 3106 loco

146 3125 283 3205 Germani
296 3127 495 3194 consederant,
509 3127 623 3184 circiter
635 3145 735 3202 passus
749 3138 898 3185 sexcentos
911 3127 947 3184 ab
962 3126 1014 3193 eis,
1029 3125 1129 3182 castris

36 3271 38 3276 Ι
147 3203 280 3264 idoneum
301 3206 396 3264 locum
418 3204 543 3280 delegit:
572 3205 688 3280 acieque
709 3204 813 3280 triplici
833 3205 982 3272 instructi,
1005 3205 1128 3261 adeum

147 3278 241 3362 locum
261 3285 346 3342 venit
398 3283 523 3341 Primam
544 3293 573 3340 et
594 3285 750 3341 secundam
774 3284 865 3342 aciem
892 3284 922 3342 in
947 3283 1032 3340 armis
1055 3300 1128 3349 esse,

147 3357 260 3413 tertiam
283 3374 376 3422 castra
398 3362 510 3422 munire
531 3361 624 3437 jussit.
675 3362 733 3422 Hic
753 3363 833 3421 locus
854 3363 891 3420 ab
906 3363 994 3435 ,hoste
1015 3357 1129 3418 circiter

101 3439 137 3492 to
149 3452 249 3510 passus
270 3453 426 3510 sexcentos,
447 3439 489 3500 uti
511 3440 620 3498 dictum
633 3452 685 3509 est,
701 3443 805 3500 aberat.
847 3441 892 3500 Ed
912 3440 1026 3498 circiter
1040 3438 1130 3497 homi-

150 3531 219 3603 num
240 3510 357 3603 numero
376 3517 450 3577 XVI
471 3520 562 3579 millia
574 3520 706 3598 expedita
726 3520 884 3580 cumomni
898 3518 1024 3593 equitatu
1045 3516 1130 3574 Ario·

150 3602 237 3650 Vlstuss
263 3602 349 3659 11¹¹⁵¹t2
375 3613 436 3667 quta
459 3600 549 3675 copiae
572 3608 682 3656 nostros
704 3607 893 3675 perterrerent
919 3606 948 3652 et
971 3595 1130 3654 munitione

149 3671 339 3748 prohiberent.
380 3669 479 3731 Nihilo
493 3677 588 3736 secius
601 3675 708 3744 Caesar,
723 3688 755 3733 ut
769 3674 835 3732 ante
849 3673 1044 3742 constituerat,
1058 3674 1130 3730 duas

150 3747 227 3810 acies
240 3749 349 3810 hostem
365 3751 547 3827 propiusue,
568 3755 680 3812 mm,
693 3771 765 3828 opu,
783 3749 920 3825 perfioem
931 3751 1023 3826 jussit.
1065 3751 1150 3822 Mun*
1190 3769 1196 3778 .
1281 3717 1282 3750 ι
