2590 4424
117 437 170 501 42·
278 481 282 505 ,
475 437 524 489 na
540 433 655 489 asmo
672 431 832 490 simeo

203 580 292 640 xil-1.
344 578 478 657 Namque
503 583 627 658 ipsorum
652 596 740 639 nares
766 583 802 638 ad
828 581 1036 640 bamcmodmn
1062 571 1171 644 neto

166 669 439 736 armatoquaersat.
480 659 594 718 Carina
616 661 758 734 aliquanto
770 661 922 736 pbniures,
938 660 1024 736 quarn
1035 673 1148 740 nostra*

165 758 228 796 rum
248 740 374 811 narium,
388 737 444 814 qud
466 737 578 796 facilius
598 739 670 796 rada
690 755 725 796 ac
738 739 889 797 decessum
909 740 994 798 esuis
1014 743 1148 818 excipere

164 828 302 892 possem:
334 835 424 893 prorae
449 816 603 876 admodum
630 828 743 885 erectae,
771 827 857 892 atque
880 818 949 875 item
975 825 1083 896 puppes
1109 822 1148 878 ad

140 895 392 974 magnitudinem
400 894 538 951 motuum
545 906 800 972 tempestatumque
811 898 1047 955 accommodate:
1059 917 1148 958 naves

164 985 231 1034 tote
245 975 327 1034 facts
340 993 376 1030 ex
395 973 504 1040 robore,
520 974 557 1031 sd
569 976 698 1050 quamvis
710 976 767 1032 vim
787 984 817 1031 et
834 975 1036 1033 contumeliam
1056 979 1149 1052 perso-

164 1055 299 1114 rendam:
320 1061 442 1109 tranum
461 1052 614 1126 pedalibus
635 1055 665 1110 in
687 1053 866 1110 latitudinem
886 1054 1014 1118 trabibus
1034 1057 1149 1115 confixa

164 1131 252 1187 claris
285 1130 392 1202 ferreis,
426 1129 508 1206 digiti
533 1131 646 1206 pollicis
677 1131 885 1189 crassitudine:
920 1133 1061 1206 aneborm,
1095 1155 1148 1212 pro

164 1207 289 1278 funibus,
309 1209 408 1268 fumis
427 1209 537 1266 catenis
554 1208 706 1266 revincire:
726 1209 816 1284 pelles
834 1211 984 1286 protelis,
1005 1213 1148 1288 alutaeque
1167 1241 1171 1248 ·

117 1291 154 1344 lb
164 1287 287 1346 tenuiter
308 1279 458 1356 conlectae}
473 1289 517 1344 ba
535 1288 593 1344 siae
615 1297 728 1362 propter
749 1287 801 1345 lini
822 1289 958 1365 inopiam,
980 1301 1064 1364 atque
1084 1293 1148 1368 ejus

164 1367 235 1423 uuis
254 1367 445 1432 inscientiam,
467 1366 525 1422 sire
539 1385 582 1434 eo,
608 1365 683 1440 quod
706 1375 750 1423 est
770 1365 864 1443 magis
884 1368 1047 1437 vensimile,
1069 1346 1169 1446 quad(

142 1429 258 1500 'tantas
278 1454 459 1520 tempestates
472 1443 595 1518 Oceani,
616 1453 766 1520 tantosque
786 1447 907 1520 impetus
921 1453 1167 1524 remorantem-,y

163 1519 256 1588 tineri,
272 1539 307 1578 ac
327 1532 406 1578 tanta
418 1537 507 1578 onera
529 1522 645 1581 navium
658 1523 719 1600 regi
742 1523 811 1582 velis
824 1543 882 1582 non
906 1524 977 1584 satis
996 1527 1166 1586 commoda*

162 1615 243 1672 posse
253 1597 476 1655 arbitrabantur?
511 1600 587 1657 Cum
601 1601 645 1658 his
659 1602 780 1660 navibus
792 1614 896 1661 nostra
909 1604 996 1662 classi
1008 1605 1149 1682 ejusmodi

116 1679 152 1732 15
163 1693 331 1752 conmeatus
343 1686 414 1748 crat,
426 1683 458 1733 ut
470 1680 529 1736 und
537 1679 683 1737 celeritate
697 1691 727 1737 et
738 1681 823 1756 pulsu
832 1700 976 1740 remorum
983 1695 1147 1758 praestarem

94 1777 100 1788 ·
163 1754 280 1830 reliqua,
289 1773 340 1830 pro
349 1751 405 1812 loci
413 1757 528 1844 putari,
539 1774 592 1834 pro
603 1758 632 1814 vi
641 1768 851 1834 tempestatum,
863 1759 919 1817 illis
932 1771 1028 1818 esseut
1039 1762 1150 1838 aptiora

162 1843 192 1890 et
216 1833 490 1892 accommodatiora:
521 1853 614 1911 neque
638 1835 715 1893 enirn
737 1837 781 1894 bis
804 1841 907 1896 nostro
930 1849 1022 1896 rostro
1042 1857 1149 1899 nocere

161 1920 307 1986 poterant3
330 1913 424 1989 (tants
434 1912 464 1970 in
475 1913 518 1970 eis
530 1926 591 1972 arat
601 1913 757 1992 firmitudo)
771 1934 778 1970 ε
799 1933 892 1989 neque
902 1925 1015 1991 propter
1024 1919 1151 1976 altitudi-

162 2007 228 2047 uem
250 1989 334 2049 facita
361 1992 450 2049 telum
472 1992 675 2069 adjiciebatur;
707 2001 736 2048 st
756 1993 858 2049 eadem
881 1994 918 2050 de
938 1995 1028 2052 suast
1050 1994 1163 2064 minis,

113 2073 149 2130 2⁰
162 2067 311 2127 commodi
343 2071 467 2148 scopulis
493 2072 722 2127 continebantur.
774 2070 953 2143 decedebat,
987 2083 1028 2144 ut,
1058 2093 1150 2149 quarn

162 2148 259 2205 saevire
273 2159 374 2206 ventus
387 2149 528 2226 coepisset,
542 2159 572 2205 et
592 2167 622 2206 se
636 2158 721 2205 vento
733 2147 888 2220 dedissent,
902 2157 931 2206 et
948 2157 1150 2224 tempestatem

162 2227 267 2284 ferrent
286 2225 410 2299 facilius,
428 2237 458 2283 et
475 2227 505 2283 in
526 2226 607 2285 vadis
626 2226 815 2284 consisterent
836 2225 935 2299 tutiits,
954 2236 994 2294 et,
1017 2228 1053 2284 ab
1074 2241 1149 2289 aestu

161 2305 314 2380 derelictae,
348 2306 420 2364 nihil
446 2325 514 2364 saxa
540 2315 569 2362 et
595 2315 693 2363 cautes
716 2304 865 2362 timerent:
897 2323 1018 2380 quarum
1050 2324 1149 2366 rerurn

160 2384 286 2443 omnium
300 2384 404 2444 nostris
417 2385 538 2444 neamus
551 2403 635 2442 casus
649 2394 730 2442 eraut
742 2381 957 2441 extimescendi.

114 2475 150 2528 25
199 2463 283 2520 XIV.
325 2464 528 2542 Compluribus
547 2464 717 2541 expugnetis
729 2463 850 2542 oppidis,
864 2461 973 2534 Oaesar,
994 2463 1044 2520 ubi
1065 2463 1149 2522 intel·

160 2541 229 2601 lenit
255 2539 357 2602 irustrd
380 2553 491 2601 tantum
517 2544 643 2603 laborem
667 2542 750 2615 sumi,
777 2557 870 2619 neque
897 2541 1021 2601 hostium
1047 2541 1146 2620 sugam

161 2621 252 2697 captis
264 2620 375 2697 oppidis
388 2623 514 2700 reprimi,
528 2641 621 2698 neque
635 2623 680 2680 his
697 2622 798 2698 ,noceri
810 2639 904 2698 posse,
918 2621 1016 2679 statuit
1028 2641 1146 2697 exspec-

161 2701 276 2758 tandam
290 2695 420 2758 classem.
461 2703 539 2764 Qun
552 2703 602 2760 ubi
615 2701 759 2767 convenit,
774 2717 809 2756 ac
822 2695 946 2774 primum
961 2699 999 2756 ab
1017 2701 1146 2758 hostibus

160 2779 221 2836 visa
233 2789 286 2846 est,
300 2777 413 2836 circiter
427 2780 542 2836 CCXX
556 2798 643 2837 naves
653 2797 751 2836 eorum
764 2777 960 2852 paratissima,
972 2789 1056 2856 atquc
1066 2779 1144 2837 omni

70 2909 73 2916 .
112 2869 148 2922 30
160 2877 265 2933 gauere
280 2875 420 2915 armorum
440 2857 637 2928 ornatissimo,
657 2855 791 2937 proiectae
811 2873 848 2912 ex
866 2867 959 2932 portu,
973 2858 1076 2915 nostris
1097 2858 1147 2914 ad-

160 2955 251 2994 versa
265 2937 468 2995 constiterunt:
489 2953 582 3010 neque
596 2933 665 2994 satis
678 2933 776 3001 Bruto,
790 2933 839 3009 qui
859 2934 944 2992 classi
956 2945 1085 3011 preerat,
1100 2937 1144 2993 vel

161 3016 284 3074 tribunis
296 3013 416 3073 militum
425 3015 705 3089 centurionibusque,
714 3003 822 3089 'quibus
833 3013 952 3090 singule
965 3033 1053 3072 naves
1063 3023 1167 3072 arants

162 3087 476 3171 attributae,·'¹constabat
488 3093 557 3168 quid
578 3103 704 3169 agerent,
722 3103 772 3150 aut
783 3109 868 3167 quarn
888 3092 1027 3152 rationem
1040 3111 1144 3169 pugnas

162 3173 334 3242 insisterent,
383 3173 489 3231 Rostro
514 3172 593 3230 enirn
620 3171 717 3229 noceri
743 3189 802 3228 non
827 3189 911 3247 posse
936 3181 1144 3249 cognorerunt3

111 3261 149 3314 35
162 3253 287 3310 turribus
301 3264 395 3312 autem
408 3251 548 3323 excitatis,
562 3262 659 3309 tamen
673 3252 724 3308 bus
743 3249 863 3308 altitudo
874 3251 1011 3328 puppium
1032 3267 1068 3308 ex
1082 3251 1146 3306 bar·

162 3331 239 3390 baris
265 3333 384 3390 navibus
407 3331 569 3406 superabat,
594 3340 626 3387 ut
648 3347 742 3406 neque
768 3347 804 3386 ex
830 3329 962 3387 inferiore
986 3329 1049 3386 loco
1075 3324 1145 3383 sutis

128 3413 132 3422 '
160 3412 311 3468 commode
336 3413 392 3470 tela
419 3409 503 3488 adjici
531 3419 658 3490 possent,
683 3419 713 3466 et
739 3407 826 3466 missa
852 3408 889 3466 ab
912 3407 1004 3466 uatis
1029 3403 1145 3482 gravius

162 3487 333 3547 acciderent.
376 3490 442 3549 Una
461 3499 523 3547 erat
541 3507 648 3566 magiae
667 3487 732 3544 usui
751 3505 797 3544 res
816 3497 973 3564 preparata
993 3503 1011 3542 a
1029 3484 1143 3558 nesab,

83 3605 106 3638 „.,
162 3565 251 3623 falces
274 3579 442 3642 praeacuto,
457 3568 570 3634 inserte
597 3567 754 3642 affixaque
767 3565 912 3643 longuriis,
939 3583 997 3622 non
1021 3563 1145 3646 absimili

112 3653 149 3708 4⁰
163 3644 253 3703 formai
273 3646 424 3706 muralium
438 3647 563 3719 falqiunr.
605 3645 660 3705 His
673 3662 760 3722 quarn
780 3645 874 3712 funes,
891 3643 940 3720 qui
954 3652 1094 3702 antennas
1109 3645 1146 3701 sd

162 3723 252 3783 malos
284 3725 476 3802 destinabant,
490 3724 688 3804 comprehensi
716 3723 887 3799 adductique
913 3733 1005 3796 erant,
1031 3721 1146 3800 navigio

163 3803 249 3876 remis
265 3804 392 3872 incitato,
406 3805 679 3882 praemmpebantur:
716 3803 834 3866 Quibus
854 3800 997 3875 abscissis,
1013 3813 1146 3861 antenna

162 3882 325 3941 necessariis
339 3883 539 3958 concidebant,
553 3895 594 3950 ut,
607 3901 696 3958 quum
708 3881 802 3942 omnis
814 3879 936 3938 Gallicis
946 3881 1068 3942 navitas
1081 3897 1146 3955 spes

163 3960 194 4020 in
215 3963 284 4022 velis
306 3964 542 4040 armamentisque
563 3961 742 4029 consisteret,
767 3958 938 4037 his'ereptls,
961 3960 1055 4018 omnis
1077 3975 1146 4016 usus
