2590 4424
10 3677 14 3762 l

71 265 108 324 18
428 253 610 306 assumo
628 253 788 304 eunuco

37 421 41 432 ·
119 400 307 478 accepissent,
331 399 520 458 sublevarent.
561 397 606 455 Ex
626 415 684 472 quo
703 394 827 469 judicari
847 402 951 470 posset,
965 405 1104 470 quantum

117 483 237 552 liaberet
247 481 277 537 in
288 499 318 536 se
330 477 582 545 boniooustantia·;
596 485 746 552 propterea
758 475 844 548 quod,
854 493 926 548 quos
939 474 1106 549 aliquandiu

119 559 243 616 inermos
261 559 323 614 sine
336 557 424 614 causi
438 555 609 622 timuissent,
623 557 676 612 hos
688 565 785 629 postea
800 563 923 632 armatos
937 572 970 609 ac
984 555 1106 610 victores

119 637 309 712 superassent.
351 635 483 708 Denique
495 636 556 692 ·hos
569 653 632 690 esse
651 633 777 698 eosdem,
792 632 961 706 quibuscum
977 651 1106 708 sepenu-

86 723 104 774 5
119 734 198 772 mero
213 715 337 772 Helvetii
345 713 503 788 congressi,
511 731 569 768 non
578 711 669 770 solium
678 710 787 776 insuis,
799 710 944 766 sedetiam
954 710 983 766 in
993 711 1105 767 illorum

119 793 233 860 finibus,
253 792 421 869 plerumque
443 791 612 866 superarint,
634 789 682 864 qni
704 800 800 847 tamen
823 807 906 863 pares
926 807 989 845 esse
1010 801 1107 846 nostro

119 872 246 928 exercitu
260 891 318 929 non
339 869 491 946 potuerint.
533 869 565 925 Si
580 887 651 944 quos
665 869 814 926 adversum
834 867 973 942 prelium,
987 878 1017 924 et
1038 869 1106 942 fuga

119 950 266 1006 Gallorum
297 959 497 1014 commoveret,
526 949 586 1015 hos,
613 947 638 1004 si
661 956 829 1022 quererent,
857 947 980 1021 reperire
1012 965 1105 1021 posse,

119 1028 305 1085 diuturnitate
320 1027 386 1083 belli
402 1026 566 1101 defatigatis
577 1026 678 1092 Gallis,
695 1025 879 1091 Ariovistum,
901 1044 988 1099 quum
1003 1024 1106 1081 multos

70 1112 103 1164 10
118 1125 232 1162 menses
245 1107 346 1164 castris
359 1124 390 1162 se
404 1125 438 1162 ac
448 1106 603 1182 paludibus
611 1104 759 1169 tenuisset,
773 1122 866 1177 neque
880 1105 925 1161 sui
937 1114 1106 1178 potestatem
1175 1115 1179 1122 ’

119 1183 242 1251 fecisset,
253 1185 437 1260 desperantes
445 1184 505 1259 jum
516 1185 551 1240 de
562 1183 660 1259 pugnis
670 1193 699 1238 et
709 1181 850 1257 dispersos
861 1182 955 1239 subito
965 1183 1105 1249 adortum,

101 1297 105 1308 =
118 1261 210 1338 magis
223 1264 333 1321 ratione
347 1275 376 1320 et
396 1263 525 1328 consilio,
539 1261 625 1336 quam
646 1261 759 1327 virtute,
773 1260 884 1316 vicisse.
926 1260 982 1318 Cui
1003 1261 1106 1318 rationi

118 1352 219 1397 contra
239 1342 369 1398 homines
393 1342 527 1408 barbaros
550 1349 632 1417 atque
654 1339 798 1414 imperitos
819 1339 899 1396 locus
920 1340 1028 1406 fiiisset,
1050 1341 1105 1396 lulc

118 1437 156 1473 ne
170 1419 262 1493 ipsum
276 1419 391 1493 quidem
411 1437 534 1493 sperare,
549 1428 658 1475 nostros
671 1419 814 1475 exercitus
827 1415 892 1493 capi
911 1437 1003 1492 posse.
1042 1417 1106 1478 Qui

70 1502 103 1555 15
119 1515 203 1552 suum
223 1497 352 1555 timorem
368 1497 397 1553 in
410 1497 452 1554 rei
467 1497 658 1554 frumentaria
672 1497 891 1563 simulationem,
904 1497 1106 1572 angustiasque

120 1574 254 1632 itinerum
283 1576 455 1644 conferrent,
483 1577 578 1634 facere
607 1588 780 1651 arroganter,
800 1594 888 1651 quum
916 1587 964 1632 aut
989 1577 1025 1632 de
1046 1576 1107 1632 offi-

120 1653 166 1709 cio
180 1651 356 1728 imperatoris
368 1656 530 1730 desperare,
553 1665 601 1712 aut
621 1655 805 1730 prescribere
819 1655 989 1710 viderentur.
1032 1654 1105 1710 Huc

120 1731 174 1787 sibi
200 1751 262 1788 esse
289 1753 388 1803 ουτως
423 1735 596 1792 frumentum
624 1735 782 1808 Sequanos,
810 1733 931 1799 Leucus,
960 1733 1108 1807 Lingonas

122 1809 356 1882 subministrare3
381 1813 496 1888 jamque
518 1833 580 1870 esse
602 1812 632 1868 in
654 1813 729 1887 agris
750 1813 892 1868 frumenta
912 1821 1041 1867 matura:
1069 1812 1106 1866 de

70 1891 106 1944 20
120 1887 231 1957 itinere,
247 1888 322 1964 ipsos
332 1892 409 1948 brevi
424 1903 550 1966 tempore
559 1890 744 1966 judicaturos.
785 1888 876 1950 Quod
888 1907 944 1946 uon
959 1890 1018 1946 fore
1029 1889 1107 1960 dicto

121 1967 269 2024 audientes
297 1969 410 2034 milites,
436 1989 530 2043 neque
551 1970 634 2042 signa
661 1968 746 2024 laturi
759 1968 901 2035 dicantur,
924 1968 995 2024 nihil
1019 1987 1049 2024 se
1070 1969 1105 2024 ed

119 2063 150 2100 re
181 2046 376 2102 commoveri:
407 2049 479 2102 scire
505 2046 592 2112 enim,
620 2046 837 2121 quibuscunque
860 2047 1002 2103 exercitus
1028 2047 1106 2103 dicto

120 2123 240 2180 audiens
261 2142 319 2178 non
340 2122 433 2188 fuerit,
457 2135 513 2191 aut,
535 2123 609 2180 meld
632 2144 662 2181 re
683 2125 774 2200 gesta,
798 2126 938 2181 fortunam
960 2124 1105 2194 defuisse3

120 2211 178 2276 aut,
205 2200 298 2274 aliquo
322 2200 448 2257 facinore
472 2215 625 2277 comperto,
643 2204 801 2261 avaritiam
825 2223 887 2260 esse
911 2203 1105 2279 conjunctam.

69 2285 104 2338 25
121 2280 209 2335 Suam
237 2279 431 2336 innocentiam
457 2283 592 2354 perpetual
619 2282 687 2349 viui,
715 2283 881 2340 felicitatem
909 2282 1105 2339 Helvetiorum

120 2357 203 2424 bello,
218 2377 281 2414 esse
302 2369 487 2433 perspectam.
529 2357 628 2432 Itaque
647 2380 688 2428 se,
709 2361 785 2436 qudd
805 2362 835 2418 in
850 2361 1007 2436 longiorem
1028 2361 1105 2417 diem

120 2435 273 2493 collaturus
283 2447 367 2504 esset,
379 2448 644 2513 repraesentaturum
656 2461 664 2508 ;
685 2451 714 2499 et
726 2441 855 2516 proximi
864 2452 948 2497 nocte
961 2441 997 2496 de
1006 2440 1105 2513 quurtd

119 2515 215 2590 vigilii
232 2527 324 2574 castra
346 2527 497 2585 moturum,
519 2528 550 2574 ut
570 2515 656 2592 quam
676 2519 801 2592 primum
821 2519 980 2594 intelligere
992 2529 1105 2592 posset,

119 2593 214 2652 utrum
242 2597 317 2670 apud
344 2615 393 2653 eos
418 2598 510 2671 pudor
543 2607 626 2669 atque
652 2597 787 2664 officium,
817 2616 853 2654 an
880 2597 964 2653 timor
990 2597 1104 2654 valeret.

69 2677 104 2730 ³0
119 2672 209 2732 (tund
224 2673 248 2735 si
261 2684 399 2747 praterea
412 2694 497 2730 nemo
518 2685 661 2746 sequatur,
675 2683 816 2732 tamense
837 2694 903 2730 cum
918 2675 977 2731 sola
991 2676 1105 2733 decima

119 2750 232 2824 legione
247 2751 362 2817 iturum,
378 2752 414 2807 de
425 2753 481 2826 qua
495 2771 552 2808 non
566 2751 709 2806 dubitaret
721 2770 729 2818 3
751 2751 934 2824 sibique'eam
945 2754 1104 2830 pretorium

120 2829 263 2886 cohortem
279 2830 423 2886 futuram!
465 2829 544 2886 Huic
565 2829 671 2904 legioni
693 2829 791 2886 Caesar
812 2839 841 2886 et
861 2832 1018 2890 indulserat
1034 2851 1106 2907 prae-

119 2906 215 2981 cipud,
230 2919 259 2965 et
272 2919 384 2984 propter
399 2909 530 2966 virtutem
544 2908 706 2966 confidebat
720 2905 854 2966 maxime.

159 2985 240 3043 XLI.
282 2987 348 3044 Hae
368 2988 496 3044 oratione
520 2987 627 3053 habita,
649 2986 752 3044 mirum
774 2987 804 3044 in
824 2989 940 3044 modum
961 3009 1105 3048 converse

68 3069 103 3122 35
119 3076 185 3121 sunt
202 3065 330 3122 omnium
352 3077 472 3133 mentes,
494 3085 661 3140 summaque
676 3066 808 3122 alacritas
828 3077 857 3123 et
877 3067 1018 3142 cupiditas
1038 3067 1105 3124 belli

119 3145 237 3216 gerendi
259 3144 358 3202 inuata
378 3155 441 3214 est3
469 3145 657 3220 princepsque
679 3145 792 3202 decima
812 3145 887 3220 legio
907 3165 957 3220 per
978 3148 1106 3204 tribunos

119 3220 239 3279 militum
250 3223 277 3280 ei
289 3225 395 3300 gratias
405 3223 473 3300 egit,
488 3222 564 3298 quod
578 3225 656 3280 dese
670 3223 809 3299 optimum
819 3224 959 3299 judicium
972 3225 1104 3294 fecisset}

119 3316 205 3371 seque
229 3320 290 3356 esse
317 3305 352 3360 ad
378 3303 481 3360 bellum
506 3303 664 3378 gerendum
687 3303 894 3379 paratissimam
918 3304 1105 3362 confirmavit.

119 3376 233 3433 Deinde
254 3379 368 3460 reliquae
391 3383 520 3458 legiones
539 3401 589 3456 per
607 3382 736 3439 tribunos
759 3382 881 3440 militum
903 3394 932 3441 et
951 3383 1106 3457 primorum

68 3464 104 3518 40
118 3455 250 3512 ordinum
267 3459 446 3518 centuriones
467 3471 597 3538 egerunt,
619 3458 660 3518 uti
682 3460 790 3518 cesari
808 3463 1024 3519 satisfacerent:
1047 3461 1106 3516 ‘Se

119 3554 211 3610 neque
236 3553 360 3608 unquam
384 3537 528 3598 dubitasse
549 3557 642 3614 neque
665 3539 803 3608 timuisse,
824 3560 917 3615 neque
936 3541 971 3595 de
995 3539 1107 3596 summa

119 3613 186 3670 belli
213 3632 295 3670 suum
320 3611 471 3687 judicium,
495 3621 545 3676 sed
579 3619 756 3695 imperatoris
782 3639 855 3685 esse,
880 3617 1105 3675 erristinrevisse.¹

119 3692 226 3749 Eorum
242 3691 436 3750 satisfactione
458 3699 584 3768 accepti,
598 3709 628 3755 et
646 3698 747 3754 itinere
765 3696 905 3768 exquisito
918 3715 968 3769 per
987 3695 1107 3753 Divitia·

120 3791 196 3838 cum,
210 3768 288 3847 qudd
301 3791 338 3828 ex
350 3768 441 3826 Gallis
455 3768 481 3824 ei
503 3773 654 3830 maximam
677 3775 763 3830 fidem
783 3771 918 3838 habebat,
934 3783 965 3830 ut
985 3773 1105 3830 millium
