<?xml version="1.0" encoding="UTF-8"?>
<!DOCTYPE html PUBLIC "-//W3C//DTD XHTML 1.0 Transitional//EN"
    "http://www.w3.org/TR/xhtml1/DTD/xhtml1-transitional.dtd">
<html xmlns="http://www.w3.org/1999/xhtml" xml:lang="en" lang="en">
 <head>
  <title>
</title>
<meta http-equiv="Content-Type" content="text/html;charset=utf-8" />
  <meta name='ocr-system' content='tesseract 3.04.00' />
  <meta name='ocr-capabilities' content='ocr_page ocr_carea ocr_par ocr_line ocrx_word'/>
</head>
<body>
  <div class='ocr_page' id='page_1' title='image "./commentariidebe00levegoog_0083.png"; bbox 0 0 2564 4422; ppageno 0'>
   <div class='ocr_carea' id='block_1_1' title="bbox 128 348 925 456">
    <p class='ocr_par' dir='ltr' id='par_1_1' title="bbox 128 348 925 456">
     <span class='ocr_line' id='line_1_1' title="bbox 128 348 925 456; baseline 0.001 -21"><span class='ocrx_word' id='word_1_1' title='bbox 128 348 142 396; x_wconf 78' lang='grc'><strong><em>”</em></strong></span> <span class='ocrx_word' id='word_1_2' title='bbox 208 381 247 456; x_wconf 66' lang='lat' dir='ltr'><strong>pn</strong></span> <span class='ocrx_word' id='word_1_3' title='bbox 304 377 307 384; x_wconf 83' lang='lat'>&#39;</span> <span class='ocrx_word' id='word_1_4' title='bbox 523 383 530 400; x_wconf 92' lang='lat'><strong>·</strong></span> <span class='ocrx_word' id='word_1_5' title='bbox 568 383 617 434; x_wconf 84' lang='lat' dir='ltr'><strong>on</strong></span> <span class='ocrx_word' id='word_1_6' title='bbox 632 383 748 434; x_wconf 79' lang='lat' dir='ltr'><strong>sumo</strong></span> <span class='ocrx_word' id='word_1_7' title='bbox 765 350 925 442; x_wconf 79' lang='grc'><strong>11111111</strong></span> 
     </span>
    </p>
   </div>
   <div class='ocr_carea' id='block_1_2' title="bbox 195 519 1241 3988">
    <p class='ocr_par' dir='ltr' id='par_1_2' title="bbox 221 519 1241 1226">
     <span class='ocr_line' id='line_1_2' title="bbox 254 519 1230 604; baseline 0.004 -24"><span class='ocrx_word' id='word_1_8' title='bbox 254 519 354 580; x_wconf 76' lang='lat' dir='ltr'><strong>odiis</strong></span> <span class='ocrx_word' id='word_1_9' title='bbox 375 539 530 586; x_wconf 84' lang='lat' dir='ltr'><strong>commune</strong></span> <span class='ocrx_word' id='word_1_10' title='bbox 550 525 715 592; x_wconf 82' lang='lat' dir='ltr'><strong>consilium3</strong></span> <span class='ocrx_word' id='word_1_11' title='bbox 735 525 868 604; x_wconf 81' lang='lat' dir='ltr'><strong>omnibus</strong></span> <span class='ocrx_word' id='word_1_12' title='bbox 888 523 1025 599; x_wconf 86' lang='lat' dir='ltr'><strong>hybernis</strong></span> <span class='ocrx_word' id='word_1_13' title='bbox 1046 524 1170 586; x_wconf 73' lang='lat' dir='ltr'><strong>Oeensis</strong></span> <span class='ocrx_word' id='word_1_14' title='bbox 1186 544 1230 602; x_wconf 93' lang='lat' dir='ltr'><strong>op·</strong></span> 
     </span>
     <span class='ocr_line' id='line_1_3' title="bbox 251 599 1229 680; baseline 0.003 -23"><span class='ocrx_word' id='word_1_15' title='bbox 251 601 416 674; x_wconf 77' lang='lat' dir='ltr'><strong>pugnandis</strong></span> <span class='ocrx_word' id='word_1_16' title='bbox 430 603 510 664; x_wconf 90' lang='lat' dir='ltr'><strong>hunc</strong></span> <span class='ocrx_word' id='word_1_17' title='bbox 522 621 582 662; x_wconf 81' lang='lat' dir='ltr'><strong>esse</strong></span> <span class='ocrx_word' id='word_1_18' title='bbox 595 601 704 658; x_wconf 86' lang='lat' dir='ltr'><strong>dietum</strong></span> <span class='ocrx_word' id='word_1_19' title='bbox 721 599 808 669; x_wconf 91' lang='lat' dir='ltr'><strong>diem,</strong></span> <span class='ocrx_word' id='word_1_20' title='bbox 821 601 859 658; x_wconf 83' lang='grc'><strong>111</strong></span> <span class='ocrx_word' id='word_1_21' title='bbox 872 620 928 676; x_wconf 87' lang='lat' dir='ltr'><strong>qua</strong></span> <span class='ocrx_word' id='word_1_22' title='bbox 940 602 1016 678; x_wconf 83' lang='lat' dir='ltr'><strong>legio</strong></span> <span class='ocrx_word' id='word_1_23' title='bbox 1030 603 1128 662; x_wconf 73' lang='lat' dir='ltr'><strong>alterne</strong></span> <span class='ocrx_word' id='word_1_24' title='bbox 1133 603 1229 680; x_wconf 84' lang='lat' dir='ltr'><strong>legioni</strong></span> 
     </span>
     <span class='ocr_line' id='line_1_4' title="bbox 252 675 1236 758; baseline 0.006 -26"><span class='ocrx_word' id='word_1_25' title='bbox 252 675 381 738; x_wconf 88' lang='lat' dir='ltr'><strong>subsidio</strong></span> <span class='ocrx_word' id='word_1_26' title='bbox 412 682 509 740; x_wconf 86' lang='lat' dir='ltr'><strong>venire</strong></span> <span class='ocrx_word' id='word_1_27' title='bbox 540 689 654 756; x_wconf 83' lang='lat' dir='ltr'><strong>posset:</strong></span> <span class='ocrx_word' id='word_1_28' title='bbox 688 697 746 738; x_wconf 91' lang='lat' dir='ltr'><strong>non</strong></span> <span class='ocrx_word' id='word_1_29' title='bbox 773 677 859 738; x_wconf 71' lang='lat' dir='ltr'><strong>secde</strong></span> <span class='ocrx_word' id='word_1_30' title='bbox 885 679 983 738; x_wconf 88' lang='lat' dir='ltr'><strong>Gallos</strong></span> <span class='ocrx_word' id='word_1_31' title='bbox 1012 681 1106 738; x_wconf 88' lang='lat' dir='ltr'><strong>Gallis</strong></span> <span class='ocrx_word' id='word_1_32' title='bbox 1131 701 1236 758; x_wconf 82' lang='lat' dir='ltr'><strong>negare-</strong></span> 
     </span>
     <span class='ocr_line' id='line_1_5' title="bbox 251 756 1228 837; baseline 0.004 -24"><span class='ocrx_word' id='word_1_33' title='bbox 251 756 389 830; x_wconf 87' lang='lat' dir='ltr'><strong>potuisse,</strong></span> <span class='ocrx_word' id='word_1_34' title='bbox 403 758 557 837; x_wconf 72' lang='lat' dir='ltr'><strong>presertim</strong></span> <span class='ocrx_word' id='word_1_35' title='bbox 572 775 660 831; x_wconf 89' lang='lat' dir='ltr'><strong>quum</strong></span> <span class='ocrx_word' id='word_1_36' title='bbox 673 757 710 814; x_wconf 94' lang='lat' dir='ltr'><strong>de</strong></span> <span class='ocrx_word' id='word_1_37' title='bbox 730 759 927 834; x_wconf 73' lang='lat' dir='ltr'><strong>recuperandi</strong></span> <span class='ocrx_word' id='word_1_38' title='bbox 939 759 1087 816; x_wconf 88' lang='lat' dir='ltr'><strong>communi</strong></span> <span class='ocrx_word' id='word_1_39' title='bbox 1107 759 1228 818; x_wconf 73' lang='lat' dir='ltr'><strong>libertate</strong></span> 
     </span>
     <span class='ocr_line' id='line_1_6' title="bbox 221 819 1241 913; baseline -0.005 -17"><span class='ocrx_word' id='word_1_40' title='bbox 221 836 407 896; x_wconf 82' lang='lat' dir='ltr'><strong>sconsilium</strong></span> <span class='ocrx_word' id='word_1_41' title='bbox 432 819 540 896; x_wconf 54' lang='lat' dir='ltr'><strong>initffin*</strong></span> <span class='ocrx_word' id='word_1_42' title='bbox 555 835 707 893; x_wconf 85' lang='lat' dir='ltr'><strong>rideretur.</strong></span> <span class='ocrx_word' id='word_1_43' title='bbox 757 836 875 900; x_wconf 80' lang='lat' dir='ltr'>Quibus</span> <span class='ocrx_word' id='word_1_44' title='bbox 897 836 1031 912; x_wconf 89' lang='lat' dir='ltr'><strong>quoniam</strong></span> <span class='ocrx_word' id='word_1_45' title='bbox 1054 856 1107 913; x_wconf 92' lang='lat' dir='ltr'><strong>pro</strong></span> <span class='ocrx_word' id='word_1_46' title='bbox 1132 839 1241 913; x_wconf 79' lang='lat' dir='ltr'><strong>pietate.</strong></span> 
     </span>
     <span class='ocr_line' id='line_1_7' title="bbox 254 914 1227 990; baseline -0.001 -15"><span class='ocrx_word' id='word_1_47' title='bbox 254 916 432 982; x_wconf 75' lang='lat' dir='ltr'><strong>satisfecerit,</strong></span> <span class='ocrx_word' id='word_1_48' title='bbox 455 916 559 972; x_wconf 84' lang='lat' dir='ltr'><strong>habere</strong></span> <span class='ocrx_word' id='word_1_49' title='bbox 586 932 616 971; x_wconf 88' lang='lat' dir='ltr'><strong>se</strong></span> <span class='ocrx_word' id='word_1_50' title='bbox 640 933 720 972; x_wconf 91' lang='lat' dir='ltr'><strong>nunc</strong></span> <span class='ocrx_word' id='word_1_51' title='bbox 743 914 882 973; x_wconf 90' lang='lat' dir='ltr'><strong>rationem</strong></span> <span class='ocrx_word' id='word_1_52' title='bbox 904 915 992 972; x_wconf 88' lang='lat' dir='ltr'><strong>officii</strong></span> <span class='ocrx_word' id='word_1_53' title='bbox 1013 933 1065 990; x_wconf 85' lang='lat' dir='ltr'><strong>pro</strong></span> <span class='ocrx_word' id='word_1_54' title='bbox 1088 915 1227 974; x_wconf 88' lang='lat' dir='ltr'><strong>beneficiis</strong></span> 
     </span>
     <span class='ocr_line' id='line_1_8' title="bbox 256 993 1227 1069; baseline 0 -17"><span class='ocrx_word' id='word_1_55' title='bbox 256 993 392 1062; x_wconf 77' lang='lat' dir='ltr'><strong>Cesaris3</strong></span> <span class='ocrx_word' id='word_1_56' title='bbox 412 1011 538 1064; x_wconf 90' lang='lat' dir='ltr'><strong>monere,</strong></span> <span class='ocrx_word' id='word_1_57' title='bbox 546 1011 628 1051; x_wconf 82' lang='lat' dir='ltr'><strong>orere</strong></span> <span class='ocrx_word' id='word_1_58' title='bbox 639 993 785 1051; x_wconf 88' lang='lat' dir='ltr'><strong>Titurium</strong></span> <span class='ocrx_word' id='word_1_59' title='bbox 794 1011 846 1069; x_wconf 94' lang='lat' dir='ltr'><strong>pro</strong></span> <span class='ocrx_word' id='word_1_60' title='bbox 856 993 986 1069; x_wconf 89' lang='lat' dir='ltr'><strong>bospitio,</strong></span> <span class='ocrx_word' id='word_1_61' title='bbox 1000 1003 1032 1050; x_wconf 91' lang='lat' dir='ltr'><strong>ut</strong></span> <span class='ocrx_word' id='word_1_62' title='bbox 1042 1011 1102 1050; x_wconf 82' lang='lat' dir='ltr'><strong>suae</strong></span> <span class='ocrx_word' id='word_1_63' title='bbox 1117 1013 1153 1052; x_wconf 85' lang='lat' dir='ltr'><strong>sc</strong></span> <span class='ocrx_word' id='word_1_64' title='bbox 1165 994 1227 1052; x_wconf 76' lang='lat' dir='ltr'><strong>mili</strong></span> 
     </span>
     <span class='ocr_line' id='line_1_9' title="bbox 255 1070 1227 1149; baseline 0.002 -21"><span class='ocrx_word' id='word_1_65' title='bbox 255 1083 313 1128; x_wconf 90' lang='lat' dir='ltr'><strong>tum</strong></span> <span class='ocrx_word' id='word_1_66' title='bbox 322 1070 404 1128; x_wconf 86' lang='lat' dir='ltr'><strong>saluti</strong></span> <span class='ocrx_word' id='word_1_67' title='bbox 412 1070 558 1128; x_wconf 79' lang='lat' dir='ltr'><strong>consulat:</strong></span> <span class='ocrx_word' id='word_1_68' title='bbox 579 1091 715 1149; x_wconf 86' lang='lat' dir='ltr'><strong>magnam</strong></span> <span class='ocrx_word' id='word_1_69' title='bbox 723 1091 839 1149; x_wconf 77' lang='lat' dir='ltr'><strong>manum</strong></span> <span class='ocrx_word' id='word_1_70' title='bbox 847 1071 1055 1129; x_wconf 87' lang='lat' dir='ltr'><strong>Germanorum</strong></span> <span class='ocrx_word' id='word_1_71' title='bbox 1063 1073 1227 1130; x_wconf 88' lang='lat' dir='ltr'><strong>conductam</strong></span> 
     </span>
     <span class='ocr_line' id='line_1_10' title="bbox 252 1141 1227 1226; baseline 0.005 -23"><span class='ocrx_word' id='word_1_72' title='bbox 252 1147 389 1204; x_wconf 82' lang='lat' dir='ltr'>Rhenum</span> <span class='ocrx_word' id='word_1_73' title='bbox 401 1147 555 1219; x_wconf 81' lang='lat' dir='ltr'><strong>transisse3</strong></span> <span class='ocrx_word' id='word_1_74' title='bbox 577 1151 653 1208; x_wconf 88' lang='lat' dir='ltr'><strong>hanc</strong></span> <span class='ocrx_word' id='word_1_75' title='bbox 674 1141 882 1209; x_wconf 69' lang='grc'><strong>1111111111111.1</strong></span> <span class='ocrx_word' id='word_1_76' title='bbox 909 1150 1039 1226; x_wconf 88' lang='lat' dir='ltr'><strong>Ipsorum</strong></span> <span class='ocrx_word' id='word_1_77' title='bbox 1056 1169 1121 1208; x_wconf 86' lang='lat' dir='ltr'><strong>esse</strong></span> <span class='ocrx_word' id='word_1_78' title='bbox 1134 1151 1227 1210; x_wconf 89' lang='lat' dir='ltr'><strong>consil·</strong></span> 
     </span>
    </p>

    <p class='ocr_par' dir='ltr' id='par_1_3' title="bbox 203 1224 1228 1619">
     <span class='ocr_line' id='line_1_11' title="bbox 203 1224 1227 1305; baseline 0.005 -23"><span class='ocrx_word' id='word_1_79' title='bbox 203 1235 238 1288; x_wconf 88' lang='lat'><strong>10</strong></span> <span class='ocrx_word' id='word_1_80' title='bbox 253 1224 321 1294; x_wconf 89' lang='lat' dir='ltr'><strong>ium,</strong></span> <span class='ocrx_word' id='word_1_81' title='bbox 335 1226 460 1285; x_wconf 82' lang='lat' dir='ltr'><strong>velintne</strong></span> <span class='ocrx_word' id='word_1_82' title='bbox 473 1225 564 1304; x_wconf 81' lang='lat' dir='ltr'><strong>priris,</strong></span> <span class='ocrx_word' id='word_1_83' title='bbox 578 1227 665 1304; x_wconf 80' lang='lat' dir='ltr'><strong>qudm</strong></span> <span class='ocrx_word' id='word_1_84' title='bbox 678 1227 792 1286; x_wconf 87' lang='lat' dir='ltr'><strong>finitimi</strong></span> <span class='ocrx_word' id='word_1_85' title='bbox 805 1228 940 1301; x_wconf 79' lang='lat' dir='ltr'><strong>sentiant,</strong></span> <span class='ocrx_word' id='word_1_86' title='bbox 953 1229 1072 1286; x_wconf 86' lang='lat' dir='ltr'><strong>eductos</strong></span> <span class='ocrx_word' id='word_1_87' title='bbox 1085 1247 1124 1286; x_wconf 85' lang='lat' dir='ltr'><strong>ex</strong></span> <span class='ocrx_word' id='word_1_88' title='bbox 1136 1231 1227 1305; x_wconf 82' lang='lat' dir='ltr'><strong>hyber-</strong></span> 
     </span>
     <span class='ocr_line' id='line_1_12' title="bbox 254 1304 1226 1376; baseline 0.002 -12"><span class='ocrx_word' id='word_1_89' title='bbox 254 1304 299 1364; x_wconf 87' lang='lat' dir='ltr'><strong>nis</strong></span> <span class='ocrx_word' id='word_1_90' title='bbox 325 1305 429 1365; x_wconf 77' lang='lat' dir='ltr'>milites</span> <span class='ocrx_word' id='word_1_91' title='bbox 452 1317 500 1364; x_wconf 89' lang='lat' dir='ltr'><strong>ant</strong></span> <span class='ocrx_word' id='word_1_92' title='bbox 521 1308 557 1365; x_wconf 93' lang='lat' dir='ltr'><strong>ad</strong></span> <span class='ocrx_word' id='word_1_93' title='bbox 578 1306 750 1366; x_wconf 74' lang='lat' dir='ltr'><strong>Ciceronem</strong></span> <span class='ocrx_word' id='word_1_94' title='bbox 771 1316 820 1364; x_wconf 83' lang='lat' dir='ltr'><strong>ent</strong></span> <span class='ocrx_word' id='word_1_95' title='bbox 840 1307 877 1364; x_wconf 87' lang='lat' dir='ltr'><strong>ad</strong></span> <span class='ocrx_word' id='word_1_96' title='bbox 900 1307 1060 1364; x_wconf 80' lang='lat' dir='ltr'><strong>Labienum</strong></span> <span class='ocrx_word' id='word_1_97' title='bbox 1082 1307 1226 1376; x_wconf 90' lang='lat' dir='ltr'><strong>deducere,</strong></span> 
     </span>
     <span class='ocr_line' id='line_1_13' title="bbox 254 1383 1228 1462; baseline 0.003 -20"><span class='ocrx_word' id='word_1_98' title='bbox 254 1404 373 1461; x_wconf 90' lang='lat' dir='ltr'><strong>quorum</strong></span> <span class='ocrx_word' id='word_1_99' title='bbox 386 1385 455 1444; x_wconf 75' lang='grc'><strong>11111</strong></span> <span class='ocrx_word' id='word_1_100' title='bbox 475 1385 565 1444; x_wconf 87' lang='lat' dir='ltr'><strong>millia</strong></span> <span class='ocrx_word' id='word_1_101' title='bbox 582 1404 718 1462; x_wconf 88' lang='lat' dir='ltr'><strong>passuum</strong></span> <span class='ocrx_word' id='word_1_102' title='bbox 739 1383 852 1442; x_wconf 90' lang='lat' dir='ltr'><strong>circiter</strong></span> <span class='ocrx_word' id='word_1_103' title='bbox 869 1385 905 1452; x_wconf 91' lang='lat' dir='ltr'><strong>L,</strong></span> <span class='ocrx_word' id='word_1_104' title='bbox 920 1385 990 1442; x_wconf 84' lang='lat' dir='ltr'><strong>eltsr</strong></span> <span class='ocrx_word' id='word_1_105' title='bbox 1004 1383 1092 1461; x_wconf 82' lang='lat' dir='ltr'><strong>pauld</strong></span> <span class='ocrx_word' id='word_1_106' title='bbox 1114 1386 1228 1462; x_wconf 75' lang='lat' dir='ltr'><strong>emplius</strong></span> 
     </span>
     <span class='ocr_line' id='line_1_14' title="bbox 255 1462 1226 1540; baseline 0.004 -20"><span class='ocrx_word' id='word_1_107' title='bbox 255 1465 290 1520; x_wconf 92' lang='lat' dir='ltr'><strong>ab</strong></span> <span class='ocrx_word' id='word_1_108' title='bbox 311 1465 355 1521; x_wconf 89' lang='lat' dir='ltr'><strong>his</strong></span> <span class='ocrx_word' id='word_1_109' title='bbox 377 1465 457 1523; x_wconf 82' lang='lat' dir='ltr'><strong>absit</strong></span> <span class='ocrx_word' id='word_1_110' title='bbox 497 1464 573 1522; x_wconf 92' lang='lat' dir='ltr'><strong>Illud</strong></span> <span class='ocrx_word' id='word_1_111' title='bbox 594 1483 625 1521; x_wconf 88' lang='lat' dir='ltr'><strong>se</strong></span> <span class='ocrx_word' id='word_1_112' title='bbox 645 1462 782 1540; x_wconf 81' lang='lat' dir='ltr'><strong>polliceri,</strong></span> <span class='ocrx_word' id='word_1_113' title='bbox 803 1473 833 1519; x_wconf 91' lang='lat' dir='ltr'><strong>et</strong></span> <span class='ocrx_word' id='word_1_114' title='bbox 848 1463 1034 1540; x_wconf 89' lang='lat' dir='ltr'><strong>jurejurando</strong></span> <span class='ocrx_word' id='word_1_115' title='bbox 1054 1464 1226 1532; x_wconf 71' lang='lat' dir='ltr'><strong>confirmare,</strong></span> 
     </span>
     <span class='ocr_line' id='line_1_15' title="bbox 252 1542 1228 1619; baseline 0.005 -23"><span class='ocrx_word' id='word_1_116' title='bbox 252 1550 344 1598; x_wconf 89' lang='lat' dir='ltr'><strong>tutum</strong></span> <span class='ocrx_word' id='word_1_117' title='bbox 371 1542 424 1599; x_wconf 90' lang='lat' dir='ltr'><strong>iter</strong></span> <span class='ocrx_word' id='word_1_118' title='bbox 445 1562 496 1619; x_wconf 87' lang='lat' dir='ltr'><strong>per</strong></span> <span class='ocrx_word' id='word_1_119' title='bbox 519 1543 591 1601; x_wconf 90' lang='lat' dir='ltr'><strong>lines</strong></span> <span class='ocrx_word' id='word_1_120' title='bbox 612 1562 677 1601; x_wconf 91' lang='lat' dir='ltr'><strong>suos</strong></span> <span class='ocrx_word' id='word_1_121' title='bbox 700 1543 852 1611; x_wconf 81' lang='lat' dir='ltr'><strong>daturum3</strong></span> <span class='ocrx_word' id='word_1_122' title='bbox 879 1542 955 1616; x_wconf 91' lang='lat' dir='ltr'><strong>quod</strong></span> <span class='ocrx_word' id='word_1_123' title='bbox 978 1560 1067 1617; x_wconf 90' lang='lat' dir='ltr'><strong>quum</strong></span> <span class='ocrx_word' id='word_1_124' title='bbox 1088 1543 1184 1611; x_wconf 81' lang='lat' dir='ltr'><strong>iaciat,</strong></span> <span class='ocrx_word' id='word_1_125' title='bbox 1205 1555 1228 1601; x_wconf 84' lang='lat' dir='ltr'><strong>ot</strong></span> 
     </span>
    </p>

    <p class='ocr_par' dir='ltr' id='par_1_4' title="bbox 202 1618 1228 1698">
     <span class='ocr_line' id='line_1_16' title="bbox 202 1618 1228 1698; baseline 0 -20"><span class='ocrx_word' id='word_1_126' title='bbox 202 1627 237 1678; x_wconf 84' lang='lat'><strong>15</strong></span> <span class='ocrx_word' id='word_1_127' title='bbox 253 1618 360 1678; x_wconf 85' lang='lat' dir='ltr'><strong>civitati</strong></span> <span class='ocrx_word' id='word_1_128' title='bbox 380 1640 442 1679; x_wconf 88' lang='lat' dir='ltr'><strong>sese</strong></span> <span class='ocrx_word' id='word_1_129' title='bbox 456 1623 615 1689; x_wconf 80' lang='lat' dir='ltr'><strong>considere,</strong></span> <span class='ocrx_word' id='word_1_130' title='bbox 633 1619 710 1696; x_wconf 87' lang='lat' dir='ltr'><strong>qudd</strong></span> <span class='ocrx_word' id='word_1_131' title='bbox 730 1619 866 1696; x_wconf 88' lang='lat' dir='ltr'><strong>hybernis</strong></span> <span class='ocrx_word' id='word_1_132' title='bbox 878 1620 997 1692; x_wconf 88' lang='lat' dir='ltr'><strong>levetur,</strong></span> <span class='ocrx_word' id='word_1_133' title='bbox 1018 1630 1048 1677; x_wconf 92' lang='lat' dir='ltr'><strong>et</strong></span> <span class='ocrx_word' id='word_1_134' title='bbox 1061 1620 1171 1690; x_wconf 76' lang='lat' dir='ltr'><strong>Cresari</strong></span> <span class='ocrx_word' id='word_1_135' title='bbox 1185 1641 1228 1698; x_wconf 85' lang='lat' dir='ltr'><strong>pro</strong></span> 
     </span>
    </p>

    <p class='ocr_par' dir='ltr' id='par_1_5' title="bbox 217 1697 1229 1836">
     <span class='ocr_line' id='line_1_17' title="bbox 217 1697 1229 1836; baseline 0 -80"><span class='ocrx_word' id='word_1_136' title='bbox 217 1759 228 1772; x_wconf 60' lang='lat'>‚</span> <span class='ocrx_word' id='word_1_137' title='bbox 252 1697 315 1836; x_wconf 52' lang='lat' dir='ltr'><strong>epus</strong></span> <span class='ocrx_word' id='word_1_138' title='bbox 327 1699 435 1758; x_wconf 90' lang='lat' dir='ltr'><strong>meritis</strong></span> <span class='ocrx_word' id='word_1_139' title='bbox 454 1700 576 1776; x_wconf 82' lang='lat' dir='ltr'><strong>gratiam</strong></span> <span class='ocrx_word' id='word_1_140' title='bbox 595 1700 717 1758; x_wconf 71' lang='lat' dir='ltr'><strong>referre.¹</strong></span> <span class='ocrx_word' id='word_1_141' title='bbox 760 1698 826 1758; x_wconf 74' lang='lat' dir='ltr'><strong>Hes</strong></span> <span class='ocrx_word' id='word_1_142' title='bbox 845 1698 973 1758; x_wconf 81' lang='lat' dir='ltr'><strong>cretione</strong></span> <span class='ocrx_word' id='word_1_143' title='bbox 991 1698 1098 1767; x_wconf 75' lang='lat' dir='ltr'><strong>habiti,</strong></span> <span class='ocrx_word' id='word_1_144' title='bbox 1114 1699 1229 1758; x_wconf 89' lang='lat' dir='ltr'><strong>discedit</strong></span> 
     </span>
    </p>

    <p class='ocr_par' dir='ltr' id='par_1_6' title="bbox 204 1779 1231 2407">
     <span class='ocr_line' id='line_1_18' title="bbox 284 1779 686 1844; baseline 0.005 -8"><span class='ocrx_word' id='word_1_145' title='bbox 284 1779 411 1838; x_wconf 85' lang='lat' dir='ltr'><strong>mbiorix.</strong></span> <span class='ocrx_word' id='word_1_146' title='bbox 542 1809 544 1816; x_wconf 52' lang='lat'><strong>⁴</strong></span> <span class='ocrx_word' id='word_1_147' title='bbox 681 1833 686 1844; x_wconf 96' lang='grc'><em>,</em></span> 
     </span>
     <span class='ocr_line' id='line_1_19' title="bbox 293 1857 1229 1936; baseline 0.002 -20"><span class='ocrx_word' id='word_1_148' title='bbox 293 1857 438 1917; x_wconf 88' lang='lat' dir='ltr'>XXVIII.</span> <span class='ocrx_word' id='word_1_149' title='bbox 480 1857 636 1936; x_wconf 82' lang='lat' dir='ltr'><strong>Arpineius</strong></span> <span class='ocrx_word' id='word_1_150' title='bbox 655 1857 811 1926; x_wconf 77' lang='grc'><strong>1111111111,</strong></span> <span class='ocrx_word' id='word_1_151' title='bbox 826 1878 889 1934; x_wconf 73' lang='lat' dir='ltr'><strong>qne</strong></span> <span class='ocrx_word' id='word_1_152' title='bbox 910 1857 1061 1924; x_wconf 83' lang='lat' dir='ltr'><strong>audieriut&#39;,</strong></span> <span class='ocrx_word' id='word_1_153' title='bbox 1076 1858 1229 1935; x_wconf 83' lang='lat' dir='ltr'><strong>adlegatos</strong></span> 
     </span>
     <span class='ocr_line' id='line_1_20' title="bbox 255 1935 1230 2014; baseline 0 -20"><span class='ocrx_word' id='word_1_154' title='bbox 255 1938 392 1995; x_wconf 87' lang='lat' dir='ltr'><strong>defernnt.</strong></span> <span class='ocrx_word' id='word_1_155' title='bbox 441 1935 497 2006; x_wconf 93' lang='lat' dir='ltr'><strong>Illi,</strong></span> <span class='ocrx_word' id='word_1_156' title='bbox 523 1937 674 2014; x_wconf 72' lang='lat' dir='ltr'><strong>repentini</strong></span> <span class='ocrx_word' id='word_1_157' title='bbox 700 1957 731 1996; x_wconf 89' lang='lat' dir='ltr'><strong>re</strong></span> <span class='ocrx_word' id='word_1_158' title='bbox 756 1937 923 2013; x_wconf 78' lang='lat' dir='ltr'><strong>perturbati,</strong></span> <span class='ocrx_word' id='word_1_159' title='bbox 950 1937 1004 1994; x_wconf 90' lang='lat' dir='ltr'><strong>etsi</strong></span> <span class='ocrx_word' id='word_1_160' title='bbox 1030 1936 1067 1993; x_wconf 84' lang='lat' dir='ltr'><strong>ab</strong></span> <span class='ocrx_word' id='word_1_161' title='bbox 1092 1936 1176 1994; x_wconf 89' lang='lat' dir='ltr'><strong>hoste</strong></span> <span class='ocrx_word' id='word_1_162' title='bbox 1201 1955 1230 1994; x_wconf 89' lang='lat' dir='ltr'><strong>ea</strong></span> 
     </span>
     <span class='ocr_line' id='line_1_21' title="bbox 204 2013 1229 2093; baseline -0.005 -16"><span class='ocrx_word' id='word_1_163' title='bbox 204 2023 241 2077; x_wconf 75' lang='lat'><strong>2⁰</strong></span> <span class='ocrx_word' id='word_1_164' title='bbox 256 2016 431 2084; x_wconf 82' lang='lat' dir='ltr'><strong>dicebantur,</strong></span> <span class='ocrx_word' id='word_1_165' title='bbox 446 2026 613 2074; x_wconf 90' lang='lat' dir='ltr'><strong>nontamen</strong></span> <span class='ocrx_word' id='word_1_166' title='bbox 627 2016 800 2093; x_wconf 87' lang='lat' dir='ltr'><strong>negligenda</strong></span> <span class='ocrx_word' id='word_1_167' title='bbox 813 2015 1032 2074; x_wconf 81' lang='lat' dir='ltr'><strong>existimabant:</strong></span> <span class='ocrx_word' id='word_1_168' title='bbox 1053 2013 1229 2090; x_wconf 69' lang='lat' dir='ltr'><strong>maximeque</strong></span> 
     </span>
     <span class='ocr_line' id='line_1_22' title="bbox 256 2093 1230 2171; baseline -0.003 -18"><span class='ocrx_word' id='word_1_169' title='bbox 256 2096 311 2154; x_wconf 78' lang='lat' dir='ltr'><strong>bric</strong></span> <span class='ocrx_word' id='word_1_170' title='bbox 342 2115 372 2152; x_wconf 91' lang='lat' dir='ltr'><strong>re</strong></span> <span class='ocrx_word' id='word_1_171' title='bbox 404 2096 649 2171; x_wconf 86' lang='lat' dir='ltr'><strong>permovebantur,</strong></span> <span class='ocrx_word' id='word_1_172' title='bbox 682 2093 759 2170; x_wconf 82' lang='lat' dir='ltr'><strong>qudd</strong></span> <span class='ocrx_word' id='word_1_173' title='bbox 792 2094 936 2152; x_wconf 80' lang='lat' dir='ltr'><strong>civitatem</strong></span> <span class='ocrx_word' id='word_1_174' title='bbox 969 2093 1124 2169; x_wconf 83' lang='lat' dir='ltr'><strong>ignobilem</strong></span> <span class='ocrx_word' id='word_1_175' title='bbox 1152 2104 1230 2170; x_wconf 85' lang='lat' dir='ltr'><strong>atque</strong></span> 
     </span>
     <span class='ocr_line' id='line_1_23' title="bbox 254 2169 1230 2249; baseline 0 -20"><span class='ocrx_word' id='word_1_176' title='bbox 254 2172 389 2230; x_wconf 91' lang='lat' dir='ltr'><strong>humilem</strong></span> <span class='ocrx_word' id='word_1_177' title='bbox 403 2169 569 2232; x_wconf 76' lang='lat' dir='ltr'><strong>Eburonum</strong></span> <span class='ocrx_word' id='word_1_178' title='bbox 583 2174 636 2232; x_wconf 83' lang='lat' dir='ltr'><strong>suri</strong></span> <span class='ocrx_word' id='word_1_179' title='bbox 646 2184 745 2249; x_wconf 91' lang='lat' dir='ltr'><strong>sponte</strong></span> <span class='ocrx_word' id='word_1_180' title='bbox 755 2173 864 2249; x_wconf 91' lang='lat' dir='ltr'><strong>Populo</strong></span> <span class='ocrx_word' id='word_1_181' title='bbox 877 2171 1010 2230; x_wconf 78' lang='lat' dir='ltr'><strong>Romano</strong></span> <span class='ocrx_word' id='word_1_182' title='bbox 1023 2171 1130 2228; x_wconf 91' lang='lat' dir='ltr'><strong>bellum</strong></span> <span class='ocrx_word' id='word_1_183' title='bbox 1141 2171 1230 2229; x_wconf 83' lang='lat' dir='ltr'><strong>lacere</strong></span> 
     </span>
     <span class='ocr_line' id='line_1_24' title="bbox 253 2248 1231 2326; baseline 0 -20"><span class='ocrx_word' id='word_1_184' title='bbox 253 2251 422 2319; x_wconf 84' lang='lat' dir='ltr'><strong>ausam,va</strong></span> <span class='ocrx_word' id='word_1_185' title='bbox 442 2265 503 2311; x_wconf 89' lang='lat' dir='ltr'><strong>erat</strong></span> <span class='ocrx_word' id='word_1_186' title='bbox 516 2253 699 2310; x_wconf 87' lang='lat' dir='ltr'><strong>credendum.</strong></span> <span class='ocrx_word' id='word_1_187' title='bbox 741 2251 842 2326; x_wconf 86' lang='lat' dir='ltr'><strong>Itaque</strong></span> <span class='ocrx_word' id='word_1_188' title='bbox 858 2251 894 2308; x_wconf 90' lang='lat' dir='ltr'><strong>ad</strong></span> <span class='ocrx_word' id='word_1_189' title='bbox 914 2248 1066 2308; x_wconf 86' lang='lat' dir='ltr'><strong>consilium</strong></span> <span class='ocrx_word' id='word_1_190' title='bbox 1084 2268 1146 2307; x_wconf 92' lang='lat' dir='ltr'><strong>rem</strong></span> <span class='ocrx_word' id='word_1_191' title='bbox 1158 2250 1231 2307; x_wconf 83' lang='lat' dir='ltr'><strong>dese·</strong></span> 
     </span>
     <span class='ocr_line' id='line_1_25' title="bbox 252 2325 1231 2407; baseline -0.002 -21"><span class='ocrx_word' id='word_1_192' title='bbox 252 2340 327 2396; x_wconf 85' lang='lat' dir='ltr'><strong>runt,</strong></span> <span class='ocrx_word' id='word_1_193' title='bbox 342 2350 502 2407; x_wconf 87' lang='lat' dir='ltr'><strong>magnaque</strong></span> <span class='ocrx_word' id='word_1_194' title='bbox 515 2329 588 2389; x_wconf 83' lang='lat' dir='ltr'><strong>inter</strong></span> <span class='ocrx_word' id='word_1_195' title='bbox 606 2350 655 2388; x_wconf 93' lang='lat' dir='ltr'><strong>eos</strong></span> <span class='ocrx_word' id='word_1_196' title='bbox 668 2330 778 2388; x_wconf 82' lang='lat' dir='ltr'><strong>exsistit</strong></span> <span class='ocrx_word' id='word_1_197' title='bbox 792 2327 990 2388; x_wconf 72' lang='lat' dir='ltr'><strong>controversie</strong></span> <span class='ocrx_word' id='word_1_198' title='bbox 1031 2325 1065 2383; x_wconf 90' lang='lat' dir='ltr'><strong>L.</strong></span> <span class='ocrx_word' id='word_1_199' title='bbox 1080 2327 1231 2386; x_wconf 89' lang='lat' dir='ltr'><strong>Auruncu-</strong></span> 
     </span>
    </p>

    <p class='ocr_par' dir='ltr' id='par_1_7' title="bbox 202 2405 1234 2795">
     <span class='ocr_line' id='line_1_26' title="bbox 202 2405 1231 2486; baseline -0.002 -22"><span class='ocrx_word' id='word_1_200' title='bbox 202 2413 237 2464; x_wconf 75' lang='lat'><strong>25</strong></span> <span class='ocrx_word' id='word_1_201' title='bbox 252 2405 324 2464; x_wconf 90' lang='lat' dir='ltr'><strong>leius</strong></span> <span class='ocrx_word' id='word_1_202' title='bbox 350 2411 564 2486; x_wconf 78' lang='lat' dir='ltr'><strong>compluresque</strong></span> <span class='ocrx_word' id='word_1_203' title='bbox 591 2409 698 2467; x_wconf 92' lang='lat' dir='ltr'><strong>tribuni</strong></span> <span class='ocrx_word' id='word_1_204' title='bbox 723 2409 845 2466; x_wconf 91' lang='lat' dir='ltr'><strong>militum</strong></span> <span class='ocrx_word' id='word_1_205' title='bbox 867 2418 897 2465; x_wconf 89' lang='lat' dir='ltr'><strong>et</strong></span> <span class='ocrx_word' id='word_1_206' title='bbox 921 2405 1077 2482; x_wconf 88' lang='lat' dir='ltr'><strong>primorum</strong></span> <span class='ocrx_word' id='word_1_207' title='bbox 1103 2405 1231 2464; x_wconf 90' lang='lat' dir='ltr'><strong>ordinum</strong></span> 
     </span>
     <span class='ocr_line' id='line_1_27' title="bbox 252 2483 1232 2564; baseline -0.003 -21"><span class='ocrx_word' id='word_1_208' title='bbox 252 2488 443 2561; x_wconf 83' lang='lat' dir='ltr'><strong>centuriones,</strong></span> <span class='ocrx_word' id='word_1_209' title='bbox 479 2489 579 2546; x_wconf 85' lang='lat' dir='ltr'><strong>‘Nihil</strong></span> <span class='ocrx_word' id='word_1_210' title='bbox 612 2499 718 2546; x_wconf 90' lang='lat' dir='ltr'><strong>temere</strong></span> <span class='ocrx_word' id='word_1_211' title='bbox 746 2487 899 2564; x_wconf 84' lang='lat' dir='ltr'><strong>agendum,</strong></span> <span class='ocrx_word' id='word_1_212' title='bbox 929 2502 1022 2560; x_wconf 90' lang='lat' dir='ltr'><strong>neque</strong></span> <span class='ocrx_word' id='word_1_213' title='bbox 1048 2503 1085 2542; x_wconf 84' lang='lat' dir='ltr'><strong>ex</strong></span> <span class='ocrx_word' id='word_1_214' title='bbox 1108 2483 1232 2542; x_wconf 88' lang='lat' dir='ltr'><strong>hibernis</strong></span> 
     </span>
     <span class='ocr_line' id='line_1_28' title="bbox 254 2561 1233 2642; baseline -0.003 -21"><span class='ocrx_word' id='word_1_215' title='bbox 254 2565 362 2642; x_wconf 84' lang='lat' dir='ltr'><strong>injussu</strong></span> <span class='ocrx_word' id='word_1_216' title='bbox 389 2567 511 2625; x_wconf 81' lang='lat' dir='ltr'><strong>Caesaris</strong></span> <span class='ocrx_word' id='word_1_217' title='bbox 544 2567 771 2636; x_wconf 90' lang='lat' dir='ltr'><strong>discedendum,&#39;</strong></span> <span class='ocrx_word' id='word_1_218' title='bbox 794 2565 1016 2624; x_wconf 78' lang='lat' dir='ltr'><strong>existimabant:</strong></span> <span class='ocrx_word' id='word_1_219' title='bbox 1039 2561 1233 2624; x_wconf 69' lang='grc' dir='ltr'><strong>ι(1111111111</strong></span> 
     </span>
     <span class='ocr_line' id='line_1_29' title="bbox 254 2641 1233 2723; baseline -0.006 -21"><span class='ocrx_word' id='word_1_220' title='bbox 254 2664 373 2722; x_wconf 79' lang='lat' dir='ltr'><strong>magnes</strong></span> <span class='ocrx_word' id='word_1_221' title='bbox 397 2645 483 2704; x_wconf 88' lang='lat' dir='ltr'><strong>etiam</strong></span> <span class='ocrx_word' id='word_1_222' title='bbox 505 2647 601 2723; x_wconf 89' lang='lat' dir='ltr'><strong>copias</strong></span> <span class='ocrx_word' id='word_1_223' title='bbox 627 2647 835 2704; x_wconf 81' lang='lat' dir='ltr'><strong>Germanorum</strong></span> <span class='ocrx_word' id='word_1_224' title='bbox 857 2641 991 2701; x_wconf 86' lang='lat' dir='ltr'><strong>sustineri</strong></span> <span class='ocrx_word' id='word_1_225' title='bbox 1013 2659 1095 2717; x_wconf 87' lang='lat' dir='ltr'><strong>posse</strong></span> <span class='ocrx_word' id='word_1_226' title='bbox 1118 2641 1233 2698; x_wconf 89' lang='lat' dir='ltr'><strong>munitis</strong></span> 
     </span>
     <span class='ocr_line' id='line_1_30' title="bbox 255 2709 1234 2795; baseline -0.007 -14"><span class='ocrx_word' id='word_1_227' title='bbox 255 2709 399 2793; x_wconf 73' lang='lat' dir='ltr'><strong>bibernis&#39;</strong></span> <span class='ocrx_word' id='word_1_228' title='bbox 427 2725 585 2784; x_wconf 83' lang='lat' dir='ltr'><strong>docebant:</strong></span> <span class='ocrx_word' id='word_1_229' title='bbox 615 2725 710 2782; x_wconf 86' lang='lat' dir='ltr'><strong>‘Rem</strong></span> <span class='ocrx_word' id='word_1_230' title='bbox 732 2742 794 2780; x_wconf 86' lang='lat' dir='ltr'><strong>esse</strong></span> <span class='ocrx_word' id='word_1_231' title='bbox 809 2721 989 2789; x_wconf 80' lang='lat' dir='ltr'><strong>testimonio,</strong></span> <span class='ocrx_word' id='word_1_232' title='bbox 1013 2718 1090 2795; x_wconf 73' lang='lat' dir='ltr'><strong>quiid</strong></span> <span class='ocrx_word' id='word_1_233' title='bbox 1111 2718 1234 2793; x_wconf 92' lang='lat' dir='ltr'><strong>primum</strong></span> 
     </span>
    </p>

    <p class='ocr_par' dir='ltr' id='par_1_8' title="bbox 205 2795 1236 3194">
     <span class='ocr_line' id='line_1_31' title="bbox 205 2795 1233 2880; baseline -0.011 -17"><span class='ocrx_word' id='word_1_234' title='bbox 205 2809 240 2862; x_wconf 87' lang='grc'><strong>30</strong></span> <span class='ocrx_word' id='word_1_235' title='bbox 255 2804 378 2862; x_wconf 88' lang='lat' dir='ltr'><strong>hostium</strong></span> <span class='ocrx_word' id='word_1_236' title='bbox 398 2803 544 2880; x_wconf 88' lang='lat' dir='ltr'><strong>impetum,</strong></span> <span class='ocrx_word' id='word_1_237' title='bbox 568 2803 665 2861; x_wconf 90' lang='lat' dir='ltr'><strong>multis</strong></span> <span class='ocrx_word' id='word_1_238' title='bbox 685 2803 758 2860; x_wconf 88' lang='lat' dir='ltr'><strong>ultro</strong></span> <span class='ocrx_word' id='word_1_239' title='bbox 781 2800 945 2857; x_wconf 86' lang='lat' dir='ltr'><strong>vulneribus</strong></span> <span class='ocrx_word' id='word_1_240' title='bbox 966 2798 1061 2866; x_wconf 89' lang='lat' dir='ltr'><strong>illatis,</strong></span> <span class='ocrx_word' id='word_1_241' title='bbox 1083 2795 1233 2854; x_wconf 72' lang='lat' dir='ltr'><strong>fortissime</strong></span> 
     </span>
     <span class='ocr_line' id='line_1_32' title="bbox 255 2877 1236 2953; baseline -0.006 -15"><span class='ocrx_word' id='word_1_242' title='bbox 255 2881 456 2940; x_wconf 66' lang='lat' dir='ltr'><strong>sustinuerintt</strong></span> <span class='ocrx_word' id='word_1_243' title='bbox 477 2901 509 2939; x_wconf 93' lang='lat' dir='ltr'><strong>re</strong></span> <span class='ocrx_word' id='word_1_244' title='bbox 527 2880 713 2939; x_wconf 67' lang='lat' dir='ltr'><strong>frumentarii</strong></span> <span class='ocrx_word' id='word_1_245' title='bbox 726 2897 784 2936; x_wconf 95' lang='lat' dir='ltr'><strong>non</strong></span> <span class='ocrx_word' id='word_1_246' title='bbox 796 2877 907 2953; x_wconf 90' lang='lat' dir='ltr'><strong>premi:</strong></span> <span class='ocrx_word' id='word_1_247' title='bbox 928 2878 1038 2936; x_wconf 85' lang='lat' dir='ltr'><strong>interea</strong></span> <span class='ocrx_word' id='word_1_248' title='bbox 1057 2885 1135 2934; x_wconf 86' lang='lat' dir='ltr'><strong>etex</strong></span> <span class='ocrx_word' id='word_1_249' title='bbox 1154 2893 1236 2950; x_wconf 81' lang='lat' dir='ltr'><strong>pror·</strong></span> 
     </span>
     <span class='ocr_line' id='line_1_33' title="bbox 256 2951 1234 3036; baseline -0.01 -16"><span class='ocrx_word' id='word_1_250' title='bbox 256 2959 319 3020; x_wconf 90' lang='lat' dir='ltr'><strong>imis</strong></span> <span class='ocrx_word' id='word_1_251' title='bbox 339 2960 481 3036; x_wconf 91' lang='lat' dir='ltr'><strong>hybernis,</strong></span> <span class='ocrx_word' id='word_1_252' title='bbox 495 2971 524 3018; x_wconf 89' lang='lat' dir='ltr'><strong>et</strong></span> <span class='ocrx_word' id='word_1_253' title='bbox 544 2958 699 3028; x_wconf 69' lang='lat' dir='ltr'><strong>sceiere,</strong></span> <span class='ocrx_word' id='word_1_254' title='bbox 714 2966 889 3016; x_wconf 89' lang='lat' dir='ltr'><strong>conventura</strong></span> <span class='ocrx_word' id='word_1_255' title='bbox 909 2955 1036 3014; x_wconf 89' lang='lat' dir='ltr'><strong>subsidia</strong></span> <span class='ocrx_word' id='word_1_256' title='bbox 1045 2955 1061 3009; x_wconf 85' lang='lat'><strong>:’</strong></span> <span class='ocrx_word' id='word_1_257' title='bbox 1081 2951 1234 3029; x_wconf 77' lang='lat' dir='ltr'><strong>postremo,</strong></span> 
     </span>
     <span class='ocr_line' id='line_1_34' title="bbox 258 3030 1236 3115; baseline -0.017 -12"><span class='ocrx_word' id='word_1_258' title='bbox 258 3039 353 3102; x_wconf 78' lang='lat' dir='ltr'><strong>‘Quid</strong></span> <span class='ocrx_word' id='word_1_259' title='bbox 367 3059 429 3098; x_wconf 88' lang='lat' dir='ltr'><strong>esse</strong></span> <span class='ocrx_word' id='word_1_260' title='bbox 438 3038 528 3097; x_wconf 88' lang='lat' dir='ltr'><strong>levius</strong></span> <span class='ocrx_word' id='word_1_261' title='bbox 542 3048 591 3096; x_wconf 91' lang='lat' dir='ltr'><strong>aut</strong></span> <span class='ocrx_word' id='word_1_262' title='bbox 600 3039 719 3115; x_wconf 86' lang='lat' dir='ltr'><strong>turpius,</strong></span> <span class='ocrx_word' id='word_1_263' title='bbox 733 3035 828 3113; x_wconf 70' lang='lat' dir='ltr'><strong>quim,</strong></span> <span class='ocrx_word' id='word_1_264' title='bbox 841 3045 958 3093; x_wconf 87' lang='lat' dir='ltr'><strong>auctore</strong></span> <span class='ocrx_word' id='word_1_265' title='bbox 970 3035 1059 3101; x_wconf 85' lang='lat' dir='ltr'><strong>hoste,</strong></span> <span class='ocrx_word' id='word_1_266' title='bbox 1071 3033 1107 3090; x_wconf 90' lang='lat' dir='ltr'><strong>de</strong></span> <span class='ocrx_word' id='word_1_267' title='bbox 1118 3030 1236 3088; x_wconf 87' lang='lat' dir='ltr'><strong>summis</strong></span> 
     </span>
     <span class='ocr_line' id='line_1_35' title="bbox 256 3117 652 3194; baseline 0.003 -19"><span class='ocrx_word' id='word_1_268' title='bbox 256 3119 340 3176; x_wconf 86' lang='lat' dir='ltr'><strong>rebus</strong></span> <span class='ocrx_word' id='word_1_269' title='bbox 353 3137 454 3194; x_wconf 88' lang='lat' dir='ltr'><strong>capere</strong></span> <span class='ocrx_word' id='word_1_270' title='bbox 468 3117 617 3176; x_wconf 90' lang='lat' dir='ltr'><strong>consilium</strong></span> <span class='ocrx_word' id='word_1_271' title='bbox 629 3119 652 3176; x_wconf 83' lang='lat' dir='ltr'><strong>l’</strong></span> 
     </span>
    </p>

    <p class='ocr_par' dir='ltr' id='par_1_9' title="bbox 207 3188 1236 3590">
     <span class='ocr_line' id='line_1_36' title="bbox 207 3188 1235 3262; baseline -0.011 -6"><span class='ocrx_word' id='word_1_272' title='bbox 207 3203 242 3258; x_wconf 83' lang='lat'><strong>35</strong></span> <span class='ocrx_word' id='word_1_273' title='bbox 294 3196 410 3255; x_wconf 88' lang='lat' dir='ltr'>XXIX.</span> <span class='ocrx_word' id='word_1_274' title='bbox 451 3197 558 3255; x_wconf 86' lang='lat' dir='ltr'><strong>Contra</strong></span> <span class='ocrx_word' id='word_1_275' title='bbox 575 3197 610 3254; x_wconf 87' lang='lat' dir='ltr'><strong>e&#39;a</strong></span> <span class='ocrx_word' id='word_1_276' title='bbox 631 3195 771 3262; x_wconf 86' lang='lat' dir='ltr'><strong>Titurius,</strong></span> <span class='ocrx_word' id='word_1_277' title='bbox 791 3192 881 3252; x_wconf 78' lang='lat' dir='ltr'><strong>‘Sero</strong></span> <span class='ocrx_word' id='word_1_278' title='bbox 903 3191 1044 3258; x_wconf 85' lang='lat' dir='ltr'><strong>facturos,&#39;</strong></span> <span class='ocrx_word' id='word_1_279' title='bbox 1060 3188 1235 3255; x_wconf 87' lang='lat' dir='ltr'><strong>clamitabat,</strong></span> 
     </span>
     <span class='ocr_line' id='line_1_37' title="bbox 259 3267 1236 3353; baseline -0.012 -18"><span class='ocrx_word' id='word_1_280' title='bbox 259 3288 360 3353; x_wconf 85' lang='lat' dir='ltr'><strong>‘quum</strong></span> <span class='ocrx_word' id='word_1_281' title='bbox 380 3276 498 3353; x_wconf 88' lang='lat' dir='ltr'><strong>majores</strong></span> <span class='ocrx_word' id='word_1_282' title='bbox 519 3275 643 3335; x_wconf 89' lang='lat' dir='ltr'><strong>bostium</strong></span> <span class='ocrx_word' id='word_1_283' title='bbox 663 3292 774 3344; x_wconf 83' lang='lat' dir='ltr'><strong>manns,</strong></span> <span class='ocrx_word' id='word_1_284' title='bbox 790 3271 932 3348; x_wconf 85' lang='lat' dir='ltr'><strong>adjunctis</strong></span> <span class='ocrx_word' id='word_1_285' title='bbox 952 3267 1114 3335; x_wconf 86' lang='lat' dir='ltr'><strong>Germanis,</strong></span> <span class='ocrx_word' id='word_1_286' title='bbox 1136 3285 1236 3325; x_wconf 89' lang='lat' dir='ltr'><strong>conve·</strong></span> 
     </span>
     <span class='ocr_line' id='line_1_38' title="bbox 258 3344 1236 3432; baseline -0.015 -16"><span class='ocrx_word' id='word_1_287' title='bbox 258 3357 375 3424; x_wconf 88' lang='lat' dir='ltr'><strong>nissent,</strong></span> <span class='ocrx_word' id='word_1_288' title='bbox 397 3366 445 3416; x_wconf 88' lang='lat' dir='ltr'><strong>aut</strong></span> <span class='ocrx_word' id='word_1_289' title='bbox 463 3373 549 3432; x_wconf 91' lang='lat' dir='ltr'><strong>quum</strong></span> <span class='ocrx_word' id='word_1_290' title='bbox 571 3353 677 3429; x_wconf 88' lang='lat' dir='ltr'><strong>aliquid</strong></span> <span class='ocrx_word' id='word_1_291' title='bbox 699 3349 869 3409; x_wconf 86' lang='lat' dir='ltr'><strong>calamitatis</strong></span> <span class='ocrx_word' id='word_1_292' title='bbox 889 3349 920 3407; x_wconf 92' lang='lat' dir='ltr'><strong>in</strong></span> <span class='ocrx_word' id='word_1_293' title='bbox 942 3345 1078 3426; x_wconf 80' lang='lat' dir='ltr'><strong>proximis</strong></span> <span class='ocrx_word' id='word_1_294' title='bbox 1101 3344 1236 3419; x_wconf 86' lang='lat' dir='ltr'><strong>hybernis</strong></span> 
     </span>
     <span class='ocr_line' id='line_1_39' title="bbox 258 3423 1236 3512; baseline -0.014 -18"><span class='ocrx_word' id='word_1_295' title='bbox 258 3429 510 3512; x_wconf 53' lang='lat' dir='ltr'><strong>esset&#39;noceptum&#39;:</strong></span> <span class='ocrx_word' id='word_1_296' title='bbox 531 3432 645 3489; x_wconf 89' lang='lat' dir='ltr'><strong>brevem</strong></span> <span class='ocrx_word' id='word_1_297' title='bbox 658 3429 827 3488; x_wconf 89' lang='lat' dir='ltr'><strong>consulendi</strong></span> <span class='ocrx_word' id='word_1_298' title='bbox 846 3447 909 3486; x_wconf 90' lang='lat' dir='ltr'><strong>esse</strong></span> <span class='ocrx_word' id='word_1_299' title='bbox 922 3424 1119 3486; x_wconf 81' lang='lat' dir='ltr'><strong>occasionem:</strong></span> <span class='ocrx_word' id='word_1_300' title='bbox 1141 3423 1236 3480; x_wconf 75' lang='lat' dir='ltr'><strong>Oresa·</strong></span> 
     </span>
     <span class='ocr_line' id='line_1_40' title="bbox 258 3497 1235 3590; baseline -0.011 -18"><span class='ocrx_word' id='word_1_301' title='bbox 258 3535 318 3572; x_wconf 89' lang='lat' dir='ltr'><strong>rem</strong></span> <span class='ocrx_word' id='word_1_302' title='bbox 340 3515 467 3574; x_wconf 83' lang='lat' dir='ltr'><strong>arbitrari</strong></span> <span class='ocrx_word' id='word_1_303' title='bbox 487 3511 641 3590; x_wconf 84' lang='lat' dir='ltr'><strong>profectum</strong></span> <span class='ocrx_word' id='word_1_304' title='bbox 656 3511 687 3569; x_wconf 92' lang='lat' dir='ltr'><strong>in</strong></span> <span class='ocrx_word' id='word_1_305' title='bbox 710 3507 843 3566; x_wconf 79' lang='lat' dir='ltr'><strong>Italiam:</strong></span> <span class='ocrx_word' id='word_1_306' title='bbox 873 3523 965 3580; x_wconf 90' lang='lat' dir='ltr'><strong>neque</strong></span> <span class='ocrx_word' id='word_1_307' title='bbox 990 3500 1069 3557; x_wconf 79' lang='lat' dir='ltr'><strong>aliter</strong></span> <span class='ocrx_word' id='word_1_308' title='bbox 1091 3497 1235 3558; x_wconf 81' lang='lat' dir='ltr'><strong>Carnutes</strong></span> 
     </span>
    </p>

    <p class='ocr_par' dir='ltr' id='par_1_10' title="bbox 195 3585 1236 3740">
     <span class='ocr_line' id='line_1_41' title="bbox 195 3585 1235 3668; baseline -0.016 -15"><span class='ocrx_word' id='word_1_309' title='bbox 195 3601 245 3664; x_wconf 64' lang='lat'><strong>„40</strong></span> <span class='ocrx_word' id='word_1_310' title='bbox 259 3593 448 3653; x_wconf 85' lang='lat' dir='ltr'><strong>interficiendi</strong></span> <span class='ocrx_word' id='word_1_311' title='bbox 479 3588 608 3666; x_wconf 83' lang='lat' dir='ltr'><strong>Tasgetii</strong></span> <span class='ocrx_word' id='word_1_312' title='bbox 624 3658 626 3662; x_wconf 86' lang='lat'>.</span> <span class='ocrx_word' id='word_1_313' title='bbox 642 3587 792 3660; x_wconf 87' lang='lat' dir='ltr'><strong>consilinm</strong></span> <span class='ocrx_word' id='word_1_314' title='bbox 831 3585 917 3642; x_wconf 81' lang='lat' dir='ltr'><strong>fuisse</strong></span> <span class='ocrx_word' id='word_1_315' title='bbox 950 3587 1103 3668; x_wconf 77' lang='lat' dir='ltr'><strong>capturos3</strong></span> <span class='ocrx_word' id='word_1_316' title='bbox 1144 3597 1235 3668; x_wconf 78' lang='lat' dir='ltr'><strong>neque</strong></span> 
     </span>
     <span class='ocr_line' id='line_1_42' title="bbox 259 3656 1236 3740; baseline -0.018 -9"><span class='ocrx_word' id='word_1_317' title='bbox 259 3671 417 3740; x_wconf 74' lang='lat' dir='ltr'><strong>Eburones,</strong></span> <span class='ocrx_word' id='word_1_318' title='bbox 439 3673 462 3730; x_wconf 89' lang='lat' dir='ltr'><strong>si</strong></span> <span class='ocrx_word' id='word_1_319' title='bbox 476 3671 522 3729; x_wconf 92' lang='lat' dir='ltr'><strong>ille</strong></span> <span class='ocrx_word' id='word_1_320' title='bbox 543 3668 663 3735; x_wconf 89' lang='lat' dir='ltr'><strong>adesset,</strong></span> <span class='ocrx_word' id='word_1_321' title='bbox 678 3665 758 3724; x_wconf 76' lang='lat' dir='ltr'><strong>tanti</strong></span> <span class='ocrx_word' id='word_1_322' title='bbox 778 3682 845 3722; x_wconf 91' lang='lat' dir='ltr'><strong>cum</strong></span> <span class='ocrx_word' id='word_1_323' title='bbox 858 3667 1069 3733; x_wconf 81' lang='lat' dir='ltr'><strong>contemptione</strong></span> <span class='ocrx_word' id='word_1_324' title='bbox 1090 3667 1180 3736; x_wconf 74' lang='lat' dir='ltr'><strong>nostrl</strong></span> <span class='ocrx_word' id='word_1_325' title='bbox 1201 3656 1236 3714; x_wconf 91' lang='lat' dir='ltr'><strong>ad</strong></span> 
     </span>
    </p>

    <p class='ocr_par' dir='ltr' id='par_1_11' title="bbox 215 3735 1236 3988">
     <span class='ocr_line' id='line_1_43' title="bbox 215 3735 1235 3814; baseline -0.02 -2"><span class='ocrx_word' id='word_1_326' title='bbox 215 3779 217 3785; x_wconf 94' lang='lat'>·</span> <span class='ocrx_word' id='word_1_327' title='bbox 261 3763 352 3812; x_wconf 86' lang='lat' dir='ltr'><strong>castra</strong></span> <span class='ocrx_word' id='word_1_328' title='bbox 359 3760 490 3810; x_wconf 83' lang='lat' dir='ltr'><strong>venturos</strong></span> <span class='ocrx_word' id='word_1_329' title='bbox 500 3767 576 3808; x_wconf 90' lang='lat' dir='ltr'><strong>esse:</strong></span> <span class='ocrx_word' id='word_1_330' title='bbox 597 3764 655 3806; x_wconf 90' lang='lat' dir='ltr'><strong>non</strong></span> <span class='ocrx_word' id='word_1_331' title='bbox 666 3746 776 3802; x_wconf 89' lang='lat' dir='ltr'><strong>bostem</strong></span> <span class='ocrx_word' id='word_1_332' title='bbox 790 3751 944 3804; x_wconf 88' lang='lat' dir='ltr'><strong>auctorem,</strong></span> <span class='ocrx_word' id='word_1_333' title='bbox 956 3735 1006 3794; x_wconf 89' lang='lat' dir='ltr'><strong>sed</strong></span> <span class='ocrx_word' id='word_1_334' title='bbox 1017 3751 1079 3798; x_wconf 87' lang='lat' dir='ltr'><strong>rem</strong></span> <span class='ocrx_word' id='word_1_335' title='bbox 1090 3746 1235 3814; x_wconf 80' lang='lat' dir='ltr'><strong>spectare3</strong></span> 
     </span>
     <span class='ocr_line' id='line_1_44' title="bbox 262 3813 1236 3902; baseline -0.023 -10"><span class='ocrx_word' id='word_1_336' title='bbox 262 3833 373 3892; x_wconf 87' lang='lat' dir='ltr'><strong>subesse</strong></span> <span class='ocrx_word' id='word_1_337' title='bbox 400 3829 557 3897; x_wconf 83' lang='lat' dir='ltr'><strong>Rhenum3</strong></span> <span class='ocrx_word' id='word_1_338' title='bbox 588 3843 692 3902; x_wconf 87' lang='lat' dir='ltr'><strong>magno</strong></span> <span class='ocrx_word' id='word_1_339' title='bbox 718 3841 780 3880; x_wconf 88' lang='lat' dir='ltr'><strong>esse</strong></span> <span class='ocrx_word' id='word_1_340' title='bbox 806 3815 957 3878; x_wconf 77' lang='lat' dir='ltr'><strong>Germanis</strong></span> <span class='ocrx_word' id='word_1_341' title='bbox 987 3813 1077 3873; x_wconf 91' lang='lat' dir='ltr'><strong>dolori</strong></span> <span class='ocrx_word' id='word_1_342' title='bbox 1100 3813 1236 3873; x_wconf 87' lang='lat' dir='ltr'><strong>Ariovisti</strong></span> 
     </span>
     <span class='ocr_line' id='line_1_45' title="bbox 263 3893 1236 3988; baseline -0.017 -21"><span class='ocrx_word' id='word_1_343' title='bbox 263 3924 378 3988; x_wconf 72' lang='lat' dir='ltr'><strong>mortem</strong></span> <span class='ocrx_word' id='word_1_344' title='bbox 396 3919 425 3966; x_wconf 91' lang='lat' dir='ltr'><strong>et</strong></span> <span class='ocrx_word' id='word_1_345' title='bbox 445 3906 600 3984; x_wconf 86' lang='lat' dir='ltr'><strong>superiores</strong></span> <span class='ocrx_word' id='word_1_346' title='bbox 620 3913 731 3962; x_wconf 68' lang='lat' dir='ltr'><strong>nomras</strong></span> <span class='ocrx_word' id='word_1_347' title='bbox 744 3898 892 3967; x_wconf 57' lang='lat' dir='ltr'><strong>victoriae</strong></span> <span class='ocrx_word' id='word_1_348' title='bbox 922 3894 1021 3954; x_wconf 82' lang='lat' dir='ltr'><strong>ardere</strong></span> <span class='ocrx_word' id='word_1_349' title='bbox 1041 3893 1175 3961; x_wconf 79' lang='lat' dir='ltr'><strong>Galliam,</strong></span> <span class='ocrx_word' id='word_1_350' title='bbox 1197 3901 1236 3951; x_wconf 84' lang='lat' dir='ltr'><strong>tot</strong></span> 
     </span>
    </p>
   </div>
   <div class='ocr_carea' id='block_1_3' title="bbox 130 4114 777 4416">
    <p class='ocr_par' dir='ltr' id='par_1_12' title="bbox 130 4067 806 4416">
     <span class='ocr_line' id='line_1_46' title="bbox 130 4114 777 4416; baseline 0.001 -1"><span class='ocrx_word' id='word_1_351' title='bbox 130 4114 777 4416; x_wconf 38' lang='lat' dir='ltr'><strong>,din</strong></span> 
     </span>
    </p>
   </div>
   <div class='ocr_carea' id='block_1_4' title="bbox 0 0 1296 4422">
    <p class='ocr_par' dir='ltr' id='par_1_13' title="bbox 0 0 1296 4422">
     <span class='ocr_line' id='line_1_47' title="bbox 0 0 1296 4422; baseline 0 0"><span class='ocrx_word' id='word_1_352' title='bbox 0 0 1296 4422; x_wconf 95' lang='lat' dir='ltr'><strong> </strong></span> 
     </span>
    </p>
   </div>
  </div>
 </body>
</html>
