2590 4424
444 331 735 388 mesonma
836 389 845 408 ,
1011 393 1013 400 ,
1088 343 1133 404 ῃ

93 483 207 550 mnr'u,
229 479 393 540 mm
416 477 481 552 ejus
503 477 602 554 oppidi
630 477 794 536 uuimrsam
807 519 809 524 ,
822 477 920 538 Com
944 479 1082 541 vendidit.

93 563 148 620 Ab
165 558 455 696 lainffialilemerant,
472 557 597 632 capitum
615 571 755 614 numerus
776 559 812 614 ad
832 573 900 615 eum
919 560 1026 620 relatus
1040 572 1084 620 sst

93 640 214 700 millium
305 681 312 694 .

131 717 279 777 mlv.
321 715 435 772 neuen
446 725 574 790 ternpore
587 732 606 770 a
618 713 650 770 P.
665 714 781 782 Crasso,
791 732 877 790 quem
890 733 957 774 oum
970 717 1083 795 legione

85 797 153 856 ont
176 797 296 856 miserat
325 794 362 852 ad
390 793 526 860 Venetos,
554 792 681 860 Unellos,
707 792 860 866 osismios,
885 795 1082 867 euronotus,
1108 805 1127 858 5

90 875 239 942 Sustine,
262 873 412 956 Aulucus,
431 871 601 939 Riedones,
615 889 679 948 quse
700 883 768 930 sunt
780 873 930 932 maritime
950 874 1082 944 civitatis,

89 971 292 1028 oceanumque
314 952 467 1028 attingrmt,
480 951 585 1008 certior
598 950 693 1008 saonis
711 962 764 1018 est,
777 970 878 1010 ornnes
890 971 941 1011 eas
951 948 1083 1012 civitates

94 1033 283 1092 inditionem
294 1040 518 1106 potestatemque
531 1029 632 1104 Populi
646 1028 774 1088 Romani
787 1049 850 1088 esse
863 1033 1003 1090 redactas.

131 1111 279 1172 xxxv:
309 1110 367 1168 His
377 1109 462 1166 rebus
471 1108 569 1185 gestis,
583 1107 662 1166 omni
670 1108 768 1166 Gellii
779 1111 893 1184 pacati,
906 1122 987 1188 tanta
1000 1112 1084 1189 liujus

91 1189 165 1248 belli
178 1190 216 1246 ad
231 1188 365 1246 διώκοι
377 1187 472 1264 opinio
484 1187 594 1263 perlata
606 1196 659 1254 ost,
673 1185 715 1246 uti
730 1188 766 1246 ab
780 1188 826 1245 his
837 1189 1011 1259 nationibus,
1020 1209 1083 1266 quas
1094 1197 1126 1250 10

91 1275 175 1328 unns
203 1267 343 1326 Rhenum
365 1266 532 1338 incolerent,
551 1265 731 1324 mitterentur
754 1267 841 1344 legati
868 1269 905 1325 ad
928 1267 1082 1342 Cesarem,

91 1364 156 1422 quse
176 1363 218 1406 :sc
242 1345 357 1404 obsidoe
382 1346 507 1412 daturas,
533 1345 673 1420 imperata
698 1345 833 1414 incurras,
859 1345 1082 1423 pollicerentur:
1173 1391 1176 1397 .

91 1441 164 1500 quas
175 1425 336 1502 legationes
356 1424 464 1496 Cesar,
478 1421 559 1500 qubd·
576 1423 607 1480 in
628 1423 742 1482 Italiam
762 1425 965 1502 Illyricumque
983 1443 1090 1504 prope-¹

90 1503 184 1572 rabm,
206 1504 280 1562 inita
299 1503 429 1580 proximi
451 1513 560 1571 estate,
584 1503 621 1560 nd
643 1521 675 1560 se
695 1503 797 1561 reverti
816 1503 908 1580 jussit.
966 1503 1033 1582 Ipse
1052 1506 1083 1564 in

90 1582 250 1650 Carnutes,
272 1583 380 1650 Andes,
406 1581 606 1658 Turonesque,
628 1599 692 1657 que
706 1581 835 1640 civitates
855 1585 1020 1662 propinquae
1038 1585 1083 1642 bis
1093 1591 1126 1644 15

89 1656 168 1720 locis
175 1671 263 1724 eram
275 1661 326 1718 ubi
337 1659 442 1718 beilum
457 1672 595 1738 genuerat,
609 1661 777 1740 legionibus·
790 1661 821 1718 in
834 1663 963 1736 hyberna
976 1665 1083 1720 deduc

87 1739 141 1812 tis,
156 1740 188 1798 in
202 1739 317 1798 Italiam
329 1740 471 1816 proiectus
481 1751 525 1798 est
536 1761 544 1810 ς
565 1740 603 1798 ob
615 1758 721 1816 casque
734 1758 789 1807 res,
801 1757 837 1797 ex
849 1739 939 1798 literis
948 1741 1081 1812 cesaris,

88 1817 161 1954 diffi-
170 1817 234 1878 XV
245 1818 414 1895 supplicatio
432 1819 552 1878 decreta
564 1829 618 1886 est,
631 1819 707 1894 quod
721 1828 787 1876 ante
799 1817 830 1874 id
851 1828 963 1896 tempus
976 1819 1083 1876 accidit

90 1915 109 1954 n
151 1917 171 1955 r.

428 2135 782 2170 m

243 2329 248 2336 ⁶
324 2342 328 2350 ’
360 2371 416 2430 ns
436 2371 570 2431 annno
633 2372 814 2431 clauco

492 2548 607 2603 LIBER
626 2549 678 2603 ΙΙΙ.

126 2697 150 2758 Ι.
195 2697 295 2761 Quom
315 2697 345 2754 in
359 2697 472 2758 Italiam
491 2699 719 2775 proficisceretur
733 2699 840 2765 Cesar,
863 2699 941 2756 Serv.
955 2697 1123 2760 Galbam20

87 2795 157 2846 curn
182 2777 298 2854 legione
325 2777 496 2836 duodecimi
520 2788 549 2836 et
571 2790 651 2855 parte
677 2778 829 2853 equitatius,
855 2778 885 2835 in
906 2777 1077 2848 Nantuates,

87 2855 243 2932 Veragros,
267 2857 454 2932 Sedunosque
475 2857 562 2926 misit,
583 2857 632 2932 qui
650 2858 687 2914 ab
708 2858 812 2914 finibus
831 2857 1028 2935 Allobrogum,
1050 2870 1079 2916 et

85 2934 153 2992 lacu
167 2935 329 3002 lemanno,
342 2946 372 2992 et
392 2935 510 2994 flumine
524 2937 669 2995 Rhodano
684 2937 719 2994 od
740 2955 865 2993 summas
885 2938 975 3012 Alpes
994 2937 1079 3012 perti-

86 3024 165 3071 nent.
208 3011 307 3071 Causa
326 3015 458 3072 mittendi
479 3001 542 3084 lirit,
557 3014 633 3090 quod
656 3015 709 3072 iter
721 3033 771 3090 per
785 3015 884 3092 Alpes,
899 3013 955 3090 qud
973 3032 1079 3092 magno

86 3111 154 3149 curn
174 3092 304 3168 periculo
325 3093 493 3170 magnisque
511 3113 579 3164 cum
599 3093 729 3170 portoriis
753 3105 925 3152 mercatores
948 3095 990 3152 ire
1011 3101 1123 3156 oon-25

86 3170 216 3238 subrent,
248 3171 379 3247 patefieri
406 3171 525 3230 volebat.
587 3172 666 3230 Huic
688 3173 826 3248 permisit,
858 3174 882 3232 si
911 3193 982 3250 opus
1015 3193 1078 3231 esse

85 3249 283 3318 arbitraretur,
311 3248 354 3308 uti
385 3249 416 3307 in
447 3251 489 3308 eis
515 3251 586 3309 locis
612 3251 765 3327 legionem,
793 3251 947 3328 hyemandi
979 3251 1076 3321 coust,
1127 3295 1135 3302 .

83 3327 248 3388 collocaret.
290 3329 398 3397 Galba,
409 3329 544 3392 secundis
555 3330 661 3406 aliquot
673 3330 778 3406 praeliis
792 3331 883 3397 fectis,
898 3329 1076 3401 castellisque

82 3407 281 3484 compluribus
295 3427 394 3466 eorum
414 3408 595 3487 expugnatis,
609 3409 704 3466 missis
728 3410 764 3466 ad
778 3428 843 3466 eum
857 3407 982 3480 undique
1000 3406 1077 3484 lega·

82 3485 131 3553 tis,
147 3486 351 3562 obsidibusque
364 3488 449 3561 datis,
463 3497 492 3545 et
511 3507 589 3564 pace,
598 3488 684 3555 lactis,
699 3487 847 3548 constituit
860 3485 991 3543 cohortes
1005 3486 1077 3546 dues
1086 3496 1121 3550 30

79 3566 115 3624 in
139 3562 336 3623 Nantuatibus
358 3566 510 3640 collocare,
524 3577 554 3624 et
574 3567 635 3643 ipse
654 3585 721 3624 cum
739 3566 853 3640 reliquis
874 3562 935 3640 ejus
955 3564 1077 3642 legionis

78 3642 254 3704 cohortibus
279 3644 310 3702 in
333 3645 397 3704 vico
420 3646 623 3722 Veragrorum,
647 3646 695 3721 qui
723 3644 877 3720 appellatur
901 3643 1074 3712 Octodurus,

78 3707 246 3802 byemare:
266 3723 315 3798 qui
339 3724 430 3792 ricus,
456 3725 565 3800 positus
589 3725 619 3782 in
646 3725 728 3790 valle,
752 3741 810 3780 non
834 3724 940 3800 magni
963 3725 1075 3800 adjeoui
1164 3749 1172 3762 ·

78 3801 224 3879 planicie,
241 3801 382 3861 altissimis
395 3804 541 3862 montibus
553 3803 679 3878 undique
696 3800 866 3860 continetur.
908 3803 1009 3865 Quum
1027 3802 1075 3858 hic

79 3883 113 3940 in
134 3881 211 3940 duas
224 3891 321 3958 partes
341 3881 460 4017 {umine
478 3881 661 3949 divideretur,
677 3881 794 3939 alteram
814 3892 923 3956 partem
944 3881 1005 3954 ejus
1018 3879 1118 3934 rici35
