2564 4422
144 333 202 394 m
235 281 239 296 ¹
509 291 555 379 nn
571 325 688 382 semo
706 325 866 378 caumco

178 475 296 550 'umen
320 469 433 539 audeat,
459 489 497 529 ns
520 471 596 548 ipsos
617 471 733 546 quidem
749 471 862 528 ,debere
884 467 1028 528 dubitare,
1067 467 1104 527 ld
1125 469 1180 546 qud

191 550 298 627 majore
311 549 420 608 iaciant
433 549 539 619 auimo,
553 549 651 626 copies
664 567 696 606 se
708 567 809 607 omnes
825 567 877 624 pro
889 546 991 606 cannis
1003 547 1179 617 habiturum,

191 639 221 686 et
233 628 334 688 terrori
347 627 476 686 hostibus
489 628 635 686 summm)
676 625 990 702 maalmam-equites
1005 637 1015 715 ⁸.
1027 627 1180 716 moetus

150 792 177 858 a
192 707 1180 860 mttt‘t'ttlt,ttlm?,tttoetiztttttttttttt,tt

192 883 250 922 nou
263 863 308 920 bis
319 883 371 938 per
384 863 507 921 bostium
521 882 624 939 agmen
637 861 842 938 perequitant)

231 941 358 1000 LXVII.
399 941 820 1016 Probatb1re,etqueomnibus
832 941 869 998 ad
880 939 1081 1016 jusjurandum
1097 941 1178 998 adac-

192 1020 238 1088 tis,
252 1031 365 1096 postero
376 1020 424 1076 die
438 1020 467 1077 in
482 1031 539 1078 tres
552 1031 648 1095 partes
661 1019 812 1076 distributo
826 1019 965 1094 equitatu,
976 1019 1044 1076 duae
1058 1038 1090 1076 se
1105 1019 1177 1078 acics
1238 1014 1241 1030 '

193 1099 229 1156 ab
252 1099 362 1156 duobus
388 1098 524 1156 lateribus
546 1098 718 1156 ostendunt:
746 1115 805 1154 una
832 1096 963 1172 aprime
989 1097 1105 1173 agmine
1129 1098 1177 1156 iter

143 1183 177 1236 ru
192 1175 330 1252 impedire
356 1177 451 1252 coepit.
504 1177 575 1238 Qut
601 1196 631 1234 re
658 1175 806 1243 nunciati,
834 1175 933 1232 Cesar
960 1195 1044 1232 suum
1070 1195 1177 1252 quoque

191 1255 358 1330 equitatum,
377 1254 518 1331 tripartitd
532 1255 664 1320 divisum,
679 1253 720 1310 ire
740 1265 840 1310 contra
855 1255 963 1311 bostem
975 1254 1066 1330 jubet.
1101 1254 1178 1330 ,Pug-

191 1345 275 1392 natur
308 1331 367 1392 und
399 1345 470 1390 tunc
494 1333 628 1390 omuibus
653 1332 683 1388 in
715 1331 860 1406 partibus:
893 1332 1024 1405 consistit
1057 1351 1177 1408 agmen:

192 1411 395 1486 impedimenta
418 1411 492 1467 inter
515 1410 642 1485 legiones
668 1408 853 1484 recipiuntur.
906 1409 938 1466 Si
962 1411 1017 1486 qud
1042 1410 1072 1468 in
1098 1423 1179 1486 parte

192 1489 280 1546 nostri
293 1488 421 1546 laborare
433 1498 482 1546 aut
501 1487 616 1564 gravius
627 1487 718 1564 premi
739 1486 918 1556 videbantur,
932 1487 969 1548 ed
982 1489 1064 1565 sigua
1082 1489 1179 1548 inferri

143 1573 177 1626 15
192 1565 290 1624 Cesar
317 1566 463 1641 aciemque
490 1566 616 1624 converti
637 1566 778 1642 jubebat:
806 1585 869 1641 quae
896 1585 943 1624 res
965 1577 996 1624 et
1021 1568 1118 1626 hostes
1144 1570 1178 1626 ad
1264 1573 1265 1620 ἶ

192 1645 958 1790 lttttdttlttllt’ttttt‘ttl'ttt‘lt
976 1646 1179 1801 ,illibi

192 1803 288 1860 hostes
308 1803 372 1860 loco
392 1802 556 1878 depellunt;
586 1802 728 1878 iirgientes
749 1802 888 1876 usquead
907 1799 1025 1881 flumen,
1046 1804 1097 1861 ubi
1111 1805 1179 1862 Ver·
1264 1861 1265 1868 ,

192 1880 352 1957 cingetorix
372 1900 438 1938 cum
460 1881 639 1957 pedestribus
660 1879 750 1955 copiis
771 1880 950 1948 consederat,
964 1893 1179 1956 persequuntur,

76 1999 79 2008 ·
141 1963 179 2018 20
193 1961 407 2036 compluresque
426 1959 609 2018 interficiunt.
657 1958 728 2020 Qut
741 1977 772 2014 re
794 1958 1001 2026 animadversa,
1020 1960 1131 2036 reliqui,
1145 1980 1180 2018 ne

193 2037 477 2105 circumvenirentur,
499 2038 590 2105 veriti,
612 2057 642 2094 se
665 2037 738 2112 suge
759 2037 906 2094 mandant.
947 2037 1093 2096 Omnibus
1113 2039 1180 2098 locis

193 2115 225 2172 fit
237 2115 331 2174 cedes
341 2137 348 2172 :
358 2145 360 2152 ⁴
369 2126 426 2172 tres
439 2115 608 2172 nobilissimi
622 2114 712 2174 AEdui
725 2115 801 2190 capti
813 2116 848 2173 ad
862 2116 1007 2173 cesarem
1021 2119 1180 2192 perducun-

193 2204 255 2250 tur:
277 2193 375 2258 Cotus,
396 2194 547 2268 prefectus
559 2193 697 2266 equiturn,
718 2193 767 2268 qui
784 2193 1005 2252 controversiam
1026 2215 1092 2254 cum
1108 2197 1181 2254 Con·

193 2269 356 2328 victolitane
369 2271 504 2345 proximis
518 2270 641 2329 comitiis
654 2272 811 2348 habuerat5
833 2283 862 2330 et
875 2273 1045 2342 Cauarillus,
1058 2274 1107 2349 qui
1120 2285 1180 2351 post

140 2352 177 2406 25
194 2347 383 2406 desectionem
405 2348 527 2408 Litavici
540 2350 718 2426 pedestribus
735 2351 825 2427 copiis
837 2351 1008 2426 presseram
1028 2364 1058 2410 et
1078 2353 1180 2430 Epore-

193 2426 283 2495 dorix,
297 2447 352 2502 quo
372 2428 527 2486 duceante
548 2429 701 2486 adventum
714 2429 838 2488 Caesaris
849 2429 939 2488 AEdui
959 2449 1027 2488 cum
1041 2431 1180 2508 Sequanis

84 2535 86 2544 ν
192 2505 495 2565 belloccntenderant.

231 2585 374 2644 LXVIII.
396 2582 529 2663 'Fugato
561 2586 639 2644 omni
672 2587 810 2662 equitatu,
834 2588 1053 2664 Vercingetorix
1086 2588 1181 2666 copias
1262 2615 1263 2618 ¹

192 2685 268 2732 suus,
280 2675 311 2722 ut
321 2684 372 2740 pro
382 2665 483 2724 castris
494 2666 692 2732 collocaverat,
703 2665 832 2734 reduxit;
846 2666 1029 2742 protinusque
1040 2667 1181 2734 Alesiam,

62 2767 64 2774 ⁴
140 2748 176 2802 30
191 2745 265 2820 quod
280 2753 323 2800 est
336 2743 471 2818 oppidum
486 2743 720 2810 Mandubiorum,
735 2745 788 2801 iter
802 2744 896 2802 facere
911 2745 1015 2821 coepit3
1035 2745 1182 2802 celeriter·

191 2840 247 2896 que
274 2820 479 2895 impedimenta
505 2841 540 2878 ex
567 2821 668 2880 castris
694 2823 789 2889 educi,
817 2833 845 2880 et
872 2842 903 2880 se
929 2823 1061 2898 subsequi
1085 2822 1181 2898 jussit.
1261 2881 1262 2898 q

193 2900 301 2970 Caesar,
313 2897 524 2975 impedimentis
535 2900 564 2957 in
577 2901 736 2975 proximum
748 2900 850 2959 collem
861 2903 1002 2971 deductis,
1013 2901 1182 2977 duabusque

191 2978 353 3055 legionibus
366 2977 499 3054 presidio
517 2979 634 3044 relictis,
649 2991 773 3048 secutus,
788 2979 928 3054 quantum
942 2981 999 3038 diei
1013 2992 1127 3057 tempus
1138 2991 1182 3038 est

192 3075 317 3131 passum,
332 3056 446 3114 circiter
466 3058 556 3115 tribus
569 3057 694 3115 millibus
708 3057 830 3117 bostium
844 3079 881 3118 ex
900 3059 1054 3118 novissimo
1068 3059 1182 3136 agmins

142 3139 177 3194 35
193 3133 360 3200 intersectis,
389 3135 476 3192 altero
502 3136 549 3194 die
577 3137 611 3192 ad
634 3136 763 3194 Alesiam
789 3148 883 3197 castra
899 3137 987 3196 lecit.
1028 3138 1184 3214 Perspecto
1260 3197 1261 3210 ¹

193 3213 273 3273 urbis
286 3211 352 3280 situ,
366 3214 576 3289 perterritisque
591 3215 728 3283 hostibus,
743 3214 819 3290 qudd
834 3215 1043 3292 equitatuque
1056 3215 1182 3274 maxime

193 3293 386 3360 confidebant,
400 3303 482 3350 erant
502 3291 585 3368 pulsi,
600 3294 766 3352 adhortatus
786 3296 823 3352 ad
836 3295 963 3354 laborem
984 3295 1100 3364 milites,
1115 3295 1185 3353 Ale·

193 3371 264 3428 siam
279 3371 494 3436 circumvallare
509 3371 639 3429 instituit.
1088 3416 1093 3426 ,

234 3448 345 3510 LXIX.
387 3451 485 3527 Ipsum
506 3461 568 3509 erat
587 3451 723 3526 oppidum
746 3450 775 3509 in
797 3452 870 3513 colle
891 3471 1013 3523 summo,
1028 3453 1184 3512 admodum

143 3528 179 3584 tu
195 3525 272 3584 edito
292 3527 364 3597 loco,
379 3541 419 3597 ut,
434 3530 490 3587 nisi
510 3529 668 3597 obsidione,
683 3531 841 3606 expugnari
854 3551 912 3590 non
933 3549 1016 3607 posse
1030 3531 1183 3590 videretur.
1259 3551 1260 3572 ,

195 3602 287 3678 Cujus
306 3607 386 3664 collis
402 3609 515 3667 radices
528 3609 585 3666 duo
602 3607 714 3666 duabus
732 3627 769 3666 ex
788 3609 917 3685 partibus
937 3607 1058 3666 flumina
1071 3611 1185 3668 sublus-

195 3681 273 3740 bant·
315 3683 392 3740 Ante
406 3685 434 3742 id
452 3686 587 3763 oppidum
600 3685 732 3761 planities
746 3686 861 3746 circiter
881 3687 971 3746 millia
983 3705 1122 3762 passarum
1135 3683 1183 3746 111

196 3759 226 3818 in
239 3758 446 3834 longitudinem
459 3767 590 3838 patebat:
611 3765 727 3840 reliquis
747 3785 783 3823 ex
795 3765 929 3824 omnibus
942 3765 1073 3842 partibus
1085 3767 1182 3836 cobet,

130 3847 135 3856 ’
195 3835 332 3914 mediocri
353 3835 501 3910 interjecto
523 3841 623 3917 spatio,
637 3843 699 3920 peri
722 3842 880 3901 altitudinis
902 3843 1027 3920 fastigio,
1045 3845 1182 3922 oppidum
