<?xml version="1.0" encoding="UTF-8"?>
<!DOCTYPE html PUBLIC "-//W3C//DTD XHTML 1.0 Transitional//EN"
    "http://www.w3.org/TR/xhtml1/DTD/xhtml1-transitional.dtd">
<html xmlns="http://www.w3.org/1999/xhtml" xml:lang="en" lang="en">
 <head>
  <title>
</title>
<meta http-equiv="Content-Type" content="text/html;charset=utf-8" />
  <meta name='ocr-system' content='tesseract 3.04.00' />
  <meta name='ocr-capabilities' content='ocr_page ocr_carea ocr_par ocr_line ocrx_word'/>
</head>
<body>
  <div class='ocr_page' id='page_1' title='image "./commentariidebe00levegoog_0127.png"; bbox 0 0 2564 4422; ppageno 0'>
   <div class='ocr_carea' id='block_1_1' title="bbox 118 163 140 204">
    <p class='ocr_par' dir='ltr' id='par_1_1' title="bbox 118 163 140 204">
     <span class='ocr_line' id='line_1_1' title="bbox 118 163 140 204; baseline 0 0"><span class='ocrx_word' id='word_1_1' title='bbox 118 163 140 204; x_wconf 66' lang='grc' dir='ltr'><strong><em>θ</em></strong></span> 
     </span>
    </p>
   </div>
   <div class='ocr_carea' id='block_1_2' title="bbox 159 305 875 412">
    <p class='ocr_par' dir='ltr' id='par_1_2' title="bbox 159 305 875 412">
     <span class='ocr_line' id='line_1_2' title="bbox 159 305 875 412; baseline -0.003 -18"><span class='ocrx_word' id='word_1_2' title='bbox 159 351 216 412; x_wconf 77' lang='lat'>116</span> <span class='ocrx_word' id='word_1_3' title='bbox 511 345 568 394; x_wconf 85' lang='lat' dir='ltr'>nn</span> <span class='ocrx_word' id='word_1_4' title='bbox 583 305 875 394; x_wconf 51' lang='lat' dir='ltr'>annno&#39;ennnroo</span> 
     </span>
    </p>
   </div>
   <div class='ocr_carea' id='block_1_3' title="bbox 57 480 1218 3932">
    <p class='ocr_par' dir='ltr' id='par_1_3' title="bbox 196 480 1190 564">
     <span class='ocr_line' id='line_1_3' title="bbox 196 480 1190 564; baseline -0.009 -13"><span class='ocrx_word' id='word_1_5' title='bbox 196 491 243 551; x_wconf 82' lang='lat' dir='ltr'>.O.</span> <span class='ocrx_word' id='word_1_6' title='bbox 254 487 378 548; x_wconf 79' lang='lat' dir='ltr'>Fabium</span> <span class='ocrx_word' id='word_1_7' title='bbox 397 485 522 564; x_wconf 83' lang='lat' dir='ltr'>legatum</span> <span class='ocrx_word' id='word_1_8' title='bbox 535 505 602 544; x_wconf 85' lang='lat' dir='ltr'>oum</span> <span class='ocrx_word' id='word_1_9' title='bbox 621 485 782 562; x_wconf 78' lang='lat' dir='ltr'>legionibus</span> <span class='ocrx_word' id='word_1_10' title='bbox 795 483 827 542; x_wconf 92' lang='lat'>11</span> <span class='ocrx_word' id='word_1_11' title='bbox 840 481 941 542; x_wconf 84' lang='lat' dir='ltr'>castris</span> <span class='ocrx_word' id='word_1_12' title='bbox 959 480 1094 558; x_wconf 78' lang='lat' dir='ltr'>presidio</span> <span class='ocrx_word' id='word_1_13' title='bbox 1106 482 1190 542; x_wconf 87' lang='lat' dir='ltr'>relin-</span> 
     </span>
    </p>

    <p class='ocr_par' dir='ltr' id='par_1_4' title="bbox 207 559 1189 798">
     <span class='ocr_line' id='line_1_4' title="bbox 207 559 1189 645; baseline -0.006 -19"><span class='ocrx_word' id='word_1_14' title='bbox 207 569 276 645; x_wconf 81' lang='lat' dir='ltr'>quit</span> <span class='ocrx_word' id='word_1_15' title='bbox 325 567 439 624; x_wconf 80' lang='lat' dir='ltr'>Fratres</span> <span class='ocrx_word' id='word_1_16' title='bbox 462 565 583 623; x_wconf 85' lang='lat' dir='ltr'>Litavici</span> <span class='ocrx_word' id='word_1_17' title='bbox 606 583 693 640; x_wconf 90' lang='lat' dir='ltr'>quum</span> <span class='ocrx_word' id='word_1_18' title='bbox 716 559 919 638; x_wconf 74' lang='lat' dir='ltr'>comprehendi</span> <span class='ocrx_word' id='word_1_19' title='bbox 939 559 1079 637; x_wconf 87' lang='lat' dir='ltr'>jussisset,</span> <span class='ocrx_word' id='word_1_20' title='bbox 1103 561 1189 638; x_wconf 82' lang='lat' dir='ltr'>pauli</span> 
     </span>
     <span class='ocr_line' id='line_1_5' title="bbox 208 637 1189 722; baseline -0.009 -17"><span class='ocrx_word' id='word_1_21' title='bbox 208 645 276 705; x_wconf 85' lang='lat' dir='ltr'>antd</span> <span class='ocrx_word' id='word_1_22' title='bbox 295 645 400 722; x_wconf 88' lang='lat' dir='ltr'>reperit</span> <span class='ocrx_word' id='word_1_23' title='bbox 415 644 451 701; x_wconf 88' lang='lat' dir='ltr'>ad</span> <span class='ocrx_word' id='word_1_24' title='bbox 472 645 566 702; x_wconf 88' lang='lat' dir='ltr'>hostes</span> <span class='ocrx_word' id='word_1_25' title='bbox 585 641 751 718; x_wconf 76' lang='lat' dir='ltr'>profugisse.</span> <span class='ocrx_word' id='word_1_26' title='bbox 792 640 968 699; x_wconf 76' lang='lat' dir='ltr'>Adhortatus</span> <span class='ocrx_word' id='word_1_27' title='bbox 988 637 1105 706; x_wconf 88' lang='lat' dir='ltr'>milites,</span> <span class='ocrx_word' id='word_1_28' title='bbox 1126 639 1189 696; x_wconf 82' lang='lat' dir='ltr'>‘Ne</span> 
     </span>
     <span class='ocr_line' id='line_1_6' title="bbox 208 716 1189 798; baseline -0.009 -16"><span class='ocrx_word' id='word_1_29' title='bbox 208 723 369 782; x_wconf 89' lang='lat' dir='ltr'>necessario</span> <span class='ocrx_word' id='word_1_30' title='bbox 380 733 506 798; x_wconf 79' lang='lat' dir='ltr'>tempore</span> <span class='ocrx_word' id='word_1_31' title='bbox 515 720 625 778; x_wconf 90' lang='lat' dir='ltr'>itineris</span> <span class='ocrx_word' id='word_1_32' title='bbox 637 719 733 778; x_wconf 86' lang='lat' dir='ltr'>labore</span> <span class='ocrx_word' id='word_1_33' title='bbox 743 727 977 795; x_wconf 78' lang='lat' dir='ltr'>permoveantu13</span> <span class='ocrx_word' id='word_1_34' title='bbox 998 716 1189 792; x_wconf 77' lang='lat' dir='ltr'>cupidissimis</span> 
     </span>
    </p>

    <p class='ocr_par' dir='ltr' id='par_1_5' title="bbox 174 793 1205 1188">
     <span class='ocr_line' id='line_1_7' title="bbox 174 793 1205 876; baseline -0.008 -17"><span class='ocrx_word' id='word_1_35' title='bbox 174 806 193 859; x_wconf 81' lang='lat'><strong>5</strong></span> <span class='ocrx_word' id='word_1_36' title='bbox 207 801 349 870; x_wconf 91' lang='lat' dir='ltr'>omnibus,</span> <span class='ocrx_word' id='word_1_37' title='bbox 364 819 526 876; x_wconf 87' lang='lat' dir='ltr'>progressus</span> <span class='ocrx_word' id='word_1_38' title='bbox 539 798 628 856; x_wconf 87' lang='lat' dir='ltr'>millia</span> <span class='ocrx_word' id='word_1_39' title='bbox 639 817 775 874; x_wconf 89' lang='lat' dir='ltr'>passuum</span> <span class='ocrx_word' id='word_1_40' title='bbox 795 795 895 864; x_wconf 86' lang='lat' dir='ltr'><strong>XXV,</strong></span> <span class='ocrx_word' id='word_1_41' title='bbox 910 813 1014 872; x_wconf 85' lang='lat' dir='ltr'>agmen</span> <span class='ocrx_word' id='word_1_42' title='bbox 1028 793 1205 864; x_wconf 26' lang='lat' dir='ltr'>AEdnorunr·</span> 
     </span>
     <span class='ocr_line' id='line_1_8' title="bbox 208 875 1189 956; baseline -0.01 -17"><span class='ocrx_word' id='word_1_43' title='bbox 208 880 398 956; x_wconf 88' lang='lat' dir='ltr'>conspicatus,</span> <span class='ocrx_word' id='word_1_44' title='bbox 425 877 551 936; x_wconf 90' lang='lat' dir='ltr'>immisso</span> <span class='ocrx_word' id='word_1_45' title='bbox 576 877 712 955; x_wconf 85' lang='lat' dir='ltr'>equitatu,</span> <span class='ocrx_word' id='word_1_46' title='bbox 744 875 797 932; x_wconf 89' lang='lat' dir='ltr'>iter</span> <span class='ocrx_word' id='word_1_47' title='bbox 822 891 920 932; x_wconf 89' lang='lat' dir='ltr'>eorum</span> <span class='ocrx_word' id='word_1_48' title='bbox 950 883 1076 931; x_wconf 88' lang='lat' dir='ltr'>moratur</span> <span class='ocrx_word' id='word_1_49' title='bbox 1108 883 1189 949; x_wconf 83' lang='lat' dir='ltr'>atque</span> 
     </span>
     <span class='ocr_line' id='line_1_9' title="bbox 208 949 1187 1036; baseline -0.005 -21"><span class='ocrx_word' id='word_1_50' title='bbox 208 959 336 1036; x_wconf 88' lang='lat' dir='ltr'>impedit,</span> <span class='ocrx_word' id='word_1_51' title='bbox 362 956 562 1030; x_wconf 89' lang='lat' dir='ltr'>interdicitque</span> <span class='ocrx_word' id='word_1_52' title='bbox 587 955 728 1022; x_wconf 91' lang='lat' dir='ltr'>omnibns,</span> <span class='ocrx_word' id='word_1_53' title='bbox 756 971 793 1011; x_wconf 92' lang='lat' dir='ltr'>ne</span> <span class='ocrx_word' id='word_1_54' title='bbox 819 970 980 1027; x_wconf 84' lang='lat' dir='ltr'>quenquam</span> <span class='ocrx_word' id='word_1_55' title='bbox 1007 949 1187 1010; x_wconf 78' lang='lat' dir='ltr'>interficiant</span> 
     </span>
     <span class='ocr_line' id='line_1_10' title="bbox 208 1028 1188 1113; baseline -0.007 -19"><span class='ocrx_word' id='word_1_56' title='bbox 208 1035 429 1113; x_wconf 80' lang='lat' dir='ltr'>Eporedorigem</span> <span class='ocrx_word' id='word_1_57' title='bbox 448 1045 479 1106; x_wconf 83' lang='lat' dir='ltr'>et</span> <span class='ocrx_word' id='word_1_58' title='bbox 492 1034 713 1100; x_wconf 87' lang='lat' dir='ltr'>Viridomsrnm,</span> <span class='ocrx_word' id='word_1_59' title='bbox 726 1049 796 1107; x_wconf 93' lang='lat' dir='ltr'>quos</span> <span class='ocrx_word' id='word_1_60' title='bbox 816 1031 858 1088; x_wconf 90' lang='lat' dir='ltr'>illi</span> <span class='ocrx_word' id='word_1_61' title='bbox 870 1030 1035 1087; x_wconf 89' lang='lat' dir='ltr'>interfectos</span> <span class='ocrx_word' id='word_1_62' title='bbox 1047 1028 1188 1088; x_wconf 82' lang='lat' dir='ltr'>existima-</span> 
     </span>
     <span class='ocr_line' id='line_1_11' title="bbox 208 1107 1188 1188; baseline -0.007 -16"><span class='ocrx_word' id='word_1_63' title='bbox 208 1111 286 1182; x_wconf 91' lang='lat' dir='ltr'>bant,</span> <span class='ocrx_word' id='word_1_64' title='bbox 314 1115 387 1172; x_wconf 89' lang='lat' dir='ltr'>inter</span> <span class='ocrx_word' id='word_1_65' title='bbox 419 1113 528 1188; x_wconf 84' lang='lat' dir='ltr'>equites</span> <span class='ocrx_word' id='word_1_66' title='bbox 553 1111 658 1170; x_wconf 87' lang='lat' dir='ltr'>versari</span> <span class='ocrx_word' id='word_1_67' title='bbox 690 1127 810 1184; x_wconf 88' lang='lat' dir='ltr'>suosque</span> <span class='ocrx_word' id='word_1_68' title='bbox 837 1107 979 1184; x_wconf 87' lang='lat' dir='ltr'>appellare</span> <span class='ocrx_word' id='word_1_69' title='bbox 1008 1107 1098 1182; x_wconf 88' lang='lat' dir='ltr'>jubet.</span> <span class='ocrx_word' id='word_1_70' title='bbox 1150 1108 1188 1165; x_wconf 88' lang='lat' dir='ltr'>Iis</span> 
     </span>
    </p>

    <p class='ocr_par' dir='ltr' id='par_1_6' title="bbox 159 1185 1189 1496">
     <span class='ocr_line' id='line_1_12' title="bbox 159 1185 1187 1269; baseline -0.007 -18"><span class='ocrx_word' id='word_1_71' title='bbox 159 1197 192 1252; x_wconf 86' lang='lat'>1⁰</span> <span class='ocrx_word' id='word_1_72' title='bbox 208 1192 339 1269; x_wconf 74' lang='lat' dir='ltr'>cognitis,</span> <span class='ocrx_word' id='word_1_73' title='bbox 354 1201 382 1248; x_wconf 87' lang='lat' dir='ltr'>et</span> <span class='ocrx_word' id='word_1_74' title='bbox 402 1190 523 1248; x_wconf 87' lang='lat' dir='ltr'>Litavici</span> <span class='ocrx_word' id='word_1_75' title='bbox 546 1191 644 1248; x_wconf 89' lang='lat' dir='ltr'>fraude</span> <span class='ocrx_word' id='word_1_76' title='bbox 661 1187 819 1264; x_wconf 75' lang='lat' dir='ltr'>perspecta,</span> <span class='ocrx_word' id='word_1_77' title='bbox 834 1185 924 1244; x_wconf 81' lang='lat' dir='ltr'>AEdui</span> <span class='ocrx_word' id='word_1_78' title='bbox 944 1204 1046 1244; x_wconf 91' lang='lat' dir='ltr'>manus</span> <span class='ocrx_word' id='word_1_79' title='bbox 1061 1187 1187 1253; x_wconf 84' lang='lat' dir='ltr'>tendere,</span> 
     </span>
     <span class='ocr_line' id='line_1_13' title="bbox 207 1265 1189 1344; baseline -0.005 -16"><span class='ocrx_word' id='word_1_80' title='bbox 207 1281 237 1328; x_wconf 93' lang='lat' dir='ltr'>et</span> <span class='ocrx_word' id='word_1_81' title='bbox 248 1268 422 1330; x_wconf 81' lang='lat' dir='ltr'>deditionem</span> <span class='ocrx_word' id='word_1_82' title='bbox 440 1269 611 1344; x_wconf 87' lang='lat' dir='ltr'>significare,</span> <span class='ocrx_word' id='word_1_83' title='bbox 633 1276 671 1334; x_wconf 90' lang='lat' dir='ltr'>et,</span> <span class='ocrx_word' id='word_1_84' title='bbox 692 1265 825 1342; x_wconf 83' lang='lat' dir='ltr'>projectis</span> <span class='ocrx_word' id='word_1_85' title='bbox 846 1265 942 1333; x_wconf 90' lang='lat' dir='ltr'>armis,</span> <span class='ocrx_word' id='word_1_86' title='bbox 956 1274 1075 1322; x_wconf 85' lang='lat' dir='ltr'>mortem</span> <span class='ocrx_word' id='word_1_87' title='bbox 1092 1265 1189 1341; x_wconf 88' lang='lat' dir='ltr'>depre-</span> 
     </span>
     <span class='ocr_line' id='line_1_14' title="bbox 208 1343 1189 1423; baseline -0.005 -17"><span class='ocrx_word' id='word_1_88' title='bbox 208 1349 268 1406; x_wconf 88' lang='lat' dir='ltr'>cari</span> <span class='ocrx_word' id='word_1_89' title='bbox 288 1348 437 1423; x_wconf 86' lang='lat' dir='ltr'>incipiunt.</span> <span class='ocrx_word' id='word_1_90' title='bbox 478 1345 624 1403; x_wconf 86' lang='lat' dir='ltr'>Litavicus</span> <span class='ocrx_word' id='word_1_91' title='bbox 644 1363 710 1402; x_wconf 87' lang='lat' dir='ltr'>enm</span> <span class='ocrx_word' id='word_1_92' title='bbox 730 1344 790 1402; x_wconf 91' lang='lat' dir='ltr'>suis</span> <span class='ocrx_word' id='word_1_93' title='bbox 810 1343 973 1411; x_wconf 85' lang='lat' dir='ltr'>clientibus,</span> <span class='ocrx_word' id='word_1_94' title='bbox 986 1343 1088 1418; x_wconf 89' lang='lat' dir='ltr'>quibus</span> <span class='ocrx_word' id='word_1_95' title='bbox 1109 1343 1189 1402; x_wconf 84' lang='lat' dir='ltr'>nefas</span> 
     </span>
     <span class='ocr_line' id='line_1_15' title="bbox 207 1420 1189 1496; baseline -0.003 -12"><span class='ocrx_word' id='word_1_96' title='bbox 207 1445 285 1484; x_wconf 88' lang='lat' dir='ltr'>more</span> <span class='ocrx_word' id='word_1_97' title='bbox 303 1425 448 1483; x_wconf 79' lang='lat' dir='ltr'>Gallorum</span> <span class='ocrx_word' id='word_1_98' title='bbox 461 1434 514 1490; x_wconf 89' lang='lat' dir='ltr'>est,</span> <span class='ocrx_word' id='word_1_99' title='bbox 528 1423 615 1480; x_wconf 87' lang='lat' dir='ltr'>etiam</span> <span class='ocrx_word' id='word_1_100' title='bbox 629 1420 659 1480; x_wconf 87' lang='lat' dir='ltr'>ln</span> <span class='ocrx_word' id='word_1_101' title='bbox 672 1423 799 1480; x_wconf 73' lang='lat' dir='ltr'>extremi</span> <span class='ocrx_word' id='word_1_102' title='bbox 819 1421 942 1490; x_wconf 68' lang='lat' dir='ltr'>fortuni,</span> <span class='ocrx_word' id='word_1_103' title='bbox 956 1422 1084 1484; x_wconf 86' lang='lat' dir='ltr'>deserere</span> <span class='ocrx_word' id='word_1_104' title='bbox 1097 1433 1189 1496; x_wconf 88' lang='lat' dir='ltr'>patrn-</span> 
     </span>
    </p>

    <p class='ocr_par' dir='ltr' id='par_1_7' title="bbox 57 1501 597 1578">
     <span class='ocr_line' id='line_1_16' title="bbox 57 1501 597 1578; baseline -0.009 -16"><span class='ocrx_word' id='word_1_105' title='bbox 57 1548 59 1554; x_wconf 50' lang='grc'>,</span> <span class='ocrx_word' id='word_1_106' title='bbox 207 1521 269 1569; x_wconf 91' lang='lat' dir='ltr'>nos,</span> <span class='ocrx_word' id='word_1_107' title='bbox 283 1502 453 1578; x_wconf 83' lang='lat' dir='ltr'>Gergoviam</span> <span class='ocrx_word' id='word_1_108' title='bbox 465 1501 597 1578; x_wconf 86' lang='lat' dir='ltr'>profugit.</span> 
     </span>
    </p>

    <p class='ocr_par' dir='ltr' id='par_1_8' title="bbox 96 1576 1218 1891">
     <span class='ocr_line' id='line_1_17' title="bbox 96 1576 1188 1654; baseline 0 -19"><span class='ocrx_word' id='word_1_109' title='bbox 96 1598 109 1635; x_wconf 76' lang='lat' dir='ltr'>a</span> <span class='ocrx_word' id='word_1_110' title='bbox 159 1585 192 1640; x_wconf 84' lang='lat'>15</span> <span class='ocrx_word' id='word_1_111' title='bbox 247 1580 328 1638; x_wconf 85' lang='lat' dir='ltr'>XLI.</span> <span class='ocrx_word' id='word_1_112' title='bbox 368 1579 475 1647; x_wconf 84' lang='lat' dir='ltr'>Caesar,</span> <span class='ocrx_word' id='word_1_113' title='bbox 494 1579 608 1642; x_wconf 89' lang='lat' dir='ltr'>nunciis</span> <span class='ocrx_word' id='word_1_114' title='bbox 630 1579 667 1636; x_wconf 90' lang='lat' dir='ltr'>ad</span> <span class='ocrx_word' id='word_1_115' title='bbox 687 1577 831 1636; x_wconf 88' lang='lat' dir='ltr'>civitatem</span> <span class='ocrx_word' id='word_1_116' title='bbox 845 1577 1006 1636; x_wconf 77' lang='lat' dir='ltr'>AEduorurn</span> <span class='ocrx_word' id='word_1_117' title='bbox 1023 1576 1127 1646; x_wconf 90' lang='lat' dir='ltr'>missis,</span> <span class='ocrx_word' id='word_1_118' title='bbox 1141 1579 1188 1654; x_wconf 92' lang='lat' dir='ltr'>qui</span> 
     </span>
     <span class='ocr_line' id='line_1_18' title="bbox 208 1655 1188 1736; baseline -0.001 -21"><span class='ocrx_word' id='word_1_119' title='bbox 208 1676 259 1715; x_wconf 88' lang='lat' dir='ltr'>sno</span> <span class='ocrx_word' id='word_1_120' title='bbox 273 1657 412 1716; x_wconf 87' lang='lat' dir='ltr'>beneficio</span> <span class='ocrx_word' id='word_1_121' title='bbox 424 1668 604 1716; x_wconf 87' lang='lat' dir='ltr'>conservatos</span> <span class='ocrx_word' id='word_1_122' title='bbox 614 1666 616 1670; x_wconf 83' lang='lat'>&#39;</span> <span class='ocrx_word' id='word_1_123' title='bbox 625 1657 769 1726; x_wconf 84' lang='lat' dir='ltr'>docerent,</span> <span class='ocrx_word' id='word_1_124' title='bbox 780 1676 850 1733; x_wconf 89' lang='lat' dir='ltr'>quos</span> <span class='ocrx_word' id='word_1_125' title='bbox 866 1657 930 1733; x_wconf 91' lang='lat' dir='ltr'>jure</span> <span class='ocrx_word' id='word_1_126' title='bbox 944 1655 1011 1714; x_wconf 88' lang='lat' dir='ltr'>belli</span> <span class='ocrx_word' id='word_1_127' title='bbox 1020 1656 1188 1736; x_wconf 75' lang='lat' dir='ltr'>interficere</span> 
     </span>
     <span class='ocr_line' id='line_1_19' title="bbox 207 1734 1187 1814; baseline -0.001 -21"><span class='ocrx_word' id='word_1_128' title='bbox 207 1737 352 1814; x_wconf 89' lang='lat' dir='ltr'>potuisset,</span> <span class='ocrx_word' id='word_1_129' title='bbox 374 1736 518 1812; x_wconf 90' lang='lat' dir='ltr'>tribusque</span> <span class='ocrx_word' id='word_1_130' title='bbox 539 1737 615 1795; x_wconf 90' lang='lat' dir='ltr'>horis</span> <span class='ocrx_word' id='word_1_131' title='bbox 636 1735 728 1794; x_wconf 89' lang='lat' dir='ltr'>noctis</span> <span class='ocrx_word' id='word_1_132' title='bbox 747 1735 885 1793; x_wconf 84' lang='lat' dir='ltr'>exercitui</span> <span class='ocrx_word' id='word_1_133' title='bbox 906 1734 942 1792; x_wconf 91' lang='lat' dir='ltr'>ad</span> <span class='ocrx_word' id='word_1_134' title='bbox 959 1735 1086 1810; x_wconf 88' lang='lat' dir='ltr'>quietem</span> <span class='ocrx_word' id='word_1_135' title='bbox 1106 1735 1187 1802; x_wconf 85' lang='lat' dir='ltr'>datis,</span> 
     </span>
     <span class='ocr_line' id='line_1_20' title="bbox 208 1812 1218 1891; baseline -0.001 -18"><span class='ocrx_word' id='word_1_136' title='bbox 208 1827 301 1874; x_wconf 89' lang='lat' dir='ltr'>castra</span> <span class='ocrx_word' id='word_1_137' title='bbox 322 1817 357 1873; x_wconf 89' lang='lat' dir='ltr'>ad</span> <span class='ocrx_word' id='word_1_138' title='bbox 378 1815 549 1891; x_wconf 86' lang='lat' dir='ltr'>Gergoviam</span> <span class='ocrx_word' id='word_1_139' title='bbox 572 1813 667 1872; x_wconf 83' lang='lat' dir='ltr'>morit.</span> <span class='ocrx_word' id='word_1_140' title='bbox 709 1813 808 1872; x_wconf 89' lang='lat' dir='ltr'>Medio</span> <span class='ocrx_word' id='word_1_141' title='bbox 828 1812 888 1872; x_wconf 77' lang='lat' dir='ltr'>ferd</span> <span class='ocrx_word' id='word_1_142' title='bbox 910 1813 1011 1870; x_wconf 90' lang='lat' dir='ltr'>itinere</span> <span class='ocrx_word' id='word_1_143' title='bbox 1032 1813 1149 1890; x_wconf 86' lang='lat' dir='ltr'>equites,</span> <span class='ocrx_word' id='word_1_144' title='bbox 1172 1831 1188 1872; x_wconf 85' lang='lat' dir='ltr'>a</span> <span class='ocrx_word' id='word_1_145' title='bbox 1212 1863 1218 1884; x_wconf 81' lang='grc'>,</span> 
     </span>
    </p>

    <p class='ocr_par' dir='ltr' id='par_1_9' title="bbox 166 1891 1187 1969">
     <span class='ocr_line' id='line_1_21' title="bbox 166 1891 1187 1969; baseline -0.002 -19"><span class='ocrx_word' id='word_1_146' title='bbox 166 1907 169 1916; x_wconf 88' lang='grc'><strong>’</strong></span> <span class='ocrx_word' id='word_1_147' title='bbox 208 1893 299 1952; x_wconf 82' lang='lat' dir='ltr'>Fabio</span> <span class='ocrx_word' id='word_1_148' title='bbox 312 1893 401 1961; x_wconf 90' lang='lat' dir='ltr'>missi,</span> <span class='ocrx_word' id='word_1_149' title='bbox 414 1904 520 1969; x_wconf 88' lang='lat' dir='ltr'>quanto</span> <span class='ocrx_word' id='word_1_150' title='bbox 539 1913 585 1951; x_wconf 90' lang='lat' dir='ltr'>res</span> <span class='ocrx_word' id='word_1_151' title='bbox 598 1893 628 1950; x_wconf 86' lang='lat' dir='ltr'>in</span> <span class='ocrx_word' id='word_1_152' title='bbox 636 1891 769 1968; x_wconf 87' lang='lat' dir='ltr'>periculo</span> <span class='ocrx_word' id='word_1_153' title='bbox 781 1891 874 1960; x_wconf 86' lang='lat' dir='ltr'>firerit,</span> <span class='ocrx_word' id='word_1_154' title='bbox 888 1903 1050 1968; x_wconf 89' lang='lat' dir='ltr'>exponunt;</span> <span class='ocrx_word' id='word_1_155' title='bbox 1072 1891 1187 1950; x_wconf 88' lang='lat' dir='ltr'>summis</span> 
     </span>
    </p>

    <p class='ocr_par' dir='ltr' id='par_1_10' title="bbox 156 1968 1188 2360">
     <span class='ocr_line' id='line_1_22' title="bbox 156 1968 1187 2048; baseline -0.003 -17"><span class='ocrx_word' id='word_1_156' title='bbox 156 1969 192 2032; x_wconf 63' lang='lat'>20</span> <span class='ocrx_word' id='word_1_157' title='bbox 208 1973 297 2048; x_wconf 90' lang='lat' dir='ltr'>copiis</span> <span class='ocrx_word' id='word_1_158' title='bbox 320 1982 414 2030; x_wconf 88' lang='lat' dir='ltr'>castra</span> <span class='ocrx_word' id='word_1_159' title='bbox 435 1983 598 2048; x_wconf 81' lang='lat' dir='ltr'>oppugnata</span> <span class='ocrx_word' id='word_1_160' title='bbox 620 1972 824 2038; x_wconf 87' lang='lat' dir='ltr'>demonstrant,</span> <span class='ocrx_word' id='word_1_161' title='bbox 846 1989 934 2046; x_wconf 90' lang='lat' dir='ltr'>quum</span> <span class='ocrx_word' id='word_1_162' title='bbox 957 1968 1060 2028; x_wconf 80' lang='lat' dir='ltr'>crehrd</span> <span class='ocrx_word' id='word_1_163' title='bbox 1086 1970 1187 2046; x_wconf 87' lang='lat' dir='ltr'>integri</span> 
     </span>
     <span class='ocr_line' id='line_1_23' title="bbox 207 2048 1186 2125; baseline -0.002 -17"><span class='ocrx_word' id='word_1_164' title='bbox 207 2051 326 2109; x_wconf 79' lang='lat' dir='ltr'>defessis</span> <span class='ocrx_word' id='word_1_165' title='bbox 346 2052 544 2117; x_wconf 87' lang='lat' dir='ltr'>succederent,</span> <span class='ocrx_word' id='word_1_166' title='bbox 566 2060 730 2125; x_wconf 88' lang='lat' dir='ltr'>nostrosque</span> <span class='ocrx_word' id='word_1_167' title='bbox 755 2049 867 2106; x_wconf 90' lang='lat' dir='ltr'>assiduo</span> <span class='ocrx_word' id='word_1_168' title='bbox 879 2048 975 2106; x_wconf 89' lang='lat' dir='ltr'>labore</span> <span class='ocrx_word' id='word_1_169' title='bbox 989 2049 1186 2125; x_wconf 82' lang='lat' dir='ltr'>defatigarent,</span> 
     </span>
     <span class='ocr_line' id='line_1_24' title="bbox 207 2125 1187 2205; baseline 0.001 -21"><span class='ocrx_word' id='word_1_170' title='bbox 207 2129 309 2203; x_wconf 90' lang='lat' dir='ltr'>quibus</span> <span class='ocrx_word' id='word_1_171' title='bbox 318 2138 430 2205; x_wconf 90' lang='lat' dir='ltr'>propter</span> <span class='ocrx_word' id='word_1_172' title='bbox 440 2128 664 2204; x_wconf 86' lang='lat' dir='ltr'>magnitudinem</span> <span class='ocrx_word' id='word_1_173' title='bbox 676 2137 832 2185; x_wconf 86' lang='lat' dir='ltr'>castrorum</span> <span class='ocrx_word' id='word_1_174' title='bbox 845 2125 982 2203; x_wconf 83' lang='lat' dir='ltr'>perpetnd</span> <span class='ocrx_word' id='word_1_175' title='bbox 992 2137 1069 2186; x_wconf 88' lang='lat' dir='ltr'>esset</span> <span class='ocrx_word' id='word_1_176' title='bbox 1081 2127 1187 2186; x_wconf 89' lang='lat' dir='ltr'>eisdem</span> 
     </span>
     <span class='ocr_line' id='line_1_25' title="bbox 207 2204 1187 2281; baseline 0 -19"><span class='ocrx_word' id='word_1_177' title='bbox 207 2205 237 2262; x_wconf 90' lang='lat' dir='ltr'>in</span> <span class='ocrx_word' id='word_1_178' title='bbox 251 2206 323 2263; x_wconf 86' lang='lat' dir='ltr'>vallo</span> <span class='ocrx_word' id='word_1_179' title='bbox 342 2206 587 2280; x_wconf 69' lang='lat' dir='ltr'>permanendum</span> <span class='ocrx_word' id='word_1_180' title='bbox 618 2204 798 2263; x_wconf 90' lang='lat' dir='ltr'>multitudine</span> <span class='ocrx_word' id='word_1_181' title='bbox 820 2206 996 2281; x_wconf 86' lang='lat' dir='ltr'>sagittarum,</span> <span class='ocrx_word' id='word_1_182' title='bbox 1013 2215 1098 2281; x_wconf 85' lang='lat' dir='ltr'>atque</span> <span class='ocrx_word' id='word_1_183' title='bbox 1110 2206 1187 2264; x_wconf 89' lang='lat' dir='ltr'>omni</span> 
     </span>
     <span class='ocr_line' id='line_1_26' title="bbox 206 2283 1188 2360; baseline 0.005 -22"><span class='ocrx_word' id='word_1_184' title='bbox 206 2300 312 2358; x_wconf 85' lang='lat' dir='ltr'>genere</span> <span class='ocrx_word' id='word_1_185' title='bbox 325 2283 444 2340; x_wconf 88' lang='lat' dir='ltr'>telorum</span> <span class='ocrx_word' id='word_1_186' title='bbox 457 2283 559 2340; x_wconf 88' lang='lat' dir='ltr'>multos</span> <span class='ocrx_word' id='word_1_187' title='bbox 572 2283 751 2354; x_wconf 79' lang='lat' dir='ltr'>vulneratos3</span> <span class='ocrx_word' id='word_1_188' title='bbox 773 2284 809 2342; x_wconf 90' lang='lat' dir='ltr'>ad</span> <span class='ocrx_word' id='word_1_189' title='bbox 822 2285 885 2342; x_wconf 83' lang='lat' dir='ltr'>haec</span> <span class='ocrx_word' id='word_1_190' title='bbox 897 2283 1065 2342; x_wconf 87' lang='lat' dir='ltr'>sustinenda</span> <span class='ocrx_word' id='word_1_191' title='bbox 1084 2302 1188 2360; x_wconf 87' lang='lat' dir='ltr'>magno</span> 
     </span>
    </p>

    <p class='ocr_par' dir='ltr' id='par_1_11' title="bbox 156 2359 1188 2671">
     <span class='ocr_line' id='line_1_27' title="bbox 156 2359 1187 2431; baseline 0 -11"><span class='ocrx_word' id='word_1_192' title='bbox 156 2367 192 2420; x_wconf 74' lang='lat'>25</span> <span class='ocrx_word' id='word_1_193' title='bbox 207 2360 271 2418; x_wconf 91' lang='lat' dir='ltr'>usui</span> <span class='ocrx_word' id='word_1_194' title='bbox 285 2359 370 2418; x_wconf 72' lang='lat' dir='ltr'>finisse</span> <span class='ocrx_word' id='word_1_195' title='bbox 380 2371 535 2430; x_wconf 88' lang='lat' dir='ltr'>tormenta;</span> <span class='ocrx_word' id='word_1_196' title='bbox 557 2361 689 2430; x_wconf 86' lang='lat' dir='ltr'>Fabium,</span> <span class='ocrx_word' id='word_1_197' title='bbox 700 2362 828 2420; x_wconf 86' lang='lat' dir='ltr'>discessu</span> <span class='ocrx_word' id='word_1_198' title='bbox 838 2380 946 2431; x_wconf 89' lang='lat' dir='ltr'>eorum,</span> <span class='ocrx_word' id='word_1_199' title='bbox 957 2362 1070 2422; x_wconf 88' lang='lat' dir='ltr'>duabus</span> <span class='ocrx_word' id='word_1_200' title='bbox 1082 2361 1187 2422; x_wconf 88' lang='lat' dir='ltr'>relictis</span> 
     </span>
     <span class='ocr_line' id='line_1_28' title="bbox 206 2439 1186 2517; baseline 0.001 -21"><span class='ocrx_word' id='word_1_201' title='bbox 206 2439 303 2515; x_wconf 91' lang='lat' dir='ltr'>portis,</span> <span class='ocrx_word' id='word_1_202' title='bbox 323 2441 468 2498; x_wconf 83' lang='lat' dir='ltr'>obstruere</span> <span class='ocrx_word' id='word_1_203' title='bbox 488 2451 615 2508; x_wconf 76' lang='lat' dir='ltr'>ceteras,</span> <span class='ocrx_word' id='word_1_204' title='bbox 636 2440 801 2517; x_wconf 87' lang='lat' dir='ltr'>pluteosque</span> <span class='ocrx_word' id='word_1_205' title='bbox 821 2441 894 2499; x_wconf 87' lang='lat' dir='ltr'>vallo</span> <span class='ocrx_word' id='word_1_206' title='bbox 918 2440 1033 2510; x_wconf 86' lang='lat' dir='ltr'>addere,</span> <span class='ocrx_word' id='word_1_207' title='bbox 1054 2453 1085 2500; x_wconf 88' lang='lat' dir='ltr'>et</span> <span class='ocrx_word' id='word_1_208' title='bbox 1103 2459 1133 2500; x_wconf 88' lang='lat' dir='ltr'>se</span> <span class='ocrx_word' id='word_1_209' title='bbox 1155 2440 1186 2498; x_wconf 93' lang='lat' dir='ltr'>in</span> 
     </span>
     <span class='ocr_line' id='line_1_29' title="bbox 206 2519 1186 2597; baseline 0.002 -22"><span class='ocrx_word' id='word_1_210' title='bbox 206 2528 348 2595; x_wconf 88' lang='lat' dir='ltr'>posterum</span> <span class='ocrx_word' id='word_1_211' title='bbox 359 2519 435 2576; x_wconf 92' lang='lat' dir='ltr'>diem</span> <span class='ocrx_word' id='word_1_212' title='bbox 445 2519 566 2577; x_wconf 90' lang='lat' dir='ltr'>similem</span> <span class='ocrx_word' id='word_1_213' title='bbox 580 2520 616 2577; x_wconf 87' lang='lat' dir='ltr'>ad</span> <span class='ocrx_word' id='word_1_214' title='bbox 627 2538 724 2578; x_wconf 87' lang='lat' dir='ltr'>casum</span> <span class='ocrx_word' id='word_1_215' title='bbox 735 2519 855 2595; x_wconf 88' lang='lat' dir='ltr'>parare.’</span> <span class='ocrx_word' id='word_1_216' title='bbox 895 2519 951 2576; x_wconf 88' lang='lat' dir='ltr'>His</span> <span class='ocrx_word' id='word_1_217' title='bbox 960 2520 1046 2578; x_wconf 87' lang='lat' dir='ltr'>rebus</span> <span class='ocrx_word' id='word_1_218' title='bbox 1055 2519 1186 2597; x_wconf 85' lang='lat' dir='ltr'>cognitis,</span> 
     </span>
     <span class='ocr_line' id='line_1_30' title="bbox 206 2597 1188 2671; baseline 0.002 -17"><span class='ocrx_word' id='word_1_219' title='bbox 206 2597 313 2671; x_wconf 85' lang='lat' dir='ltr'>Caesar,</span> <span class='ocrx_word' id='word_1_220' title='bbox 340 2617 451 2656; x_wconf 89' lang='lat' dir='ltr'>sunrmo</span> <span class='ocrx_word' id='word_1_221' title='bbox 477 2599 570 2656; x_wconf 87' lang='lat' dir='ltr'>studio</span> <span class='ocrx_word' id='word_1_222' title='bbox 596 2597 716 2657; x_wconf 89' lang='lat' dir='ltr'>militum</span> <span class='ocrx_word' id='word_1_223' title='bbox 741 2609 807 2656; x_wconf 89' lang='lat' dir='ltr'>ante</span> <span class='ocrx_word' id='word_1_224' title='bbox 828 2608 921 2656; x_wconf 89' lang='lat' dir='ltr'>ortum</span> <span class='ocrx_word' id='word_1_225' title='bbox 948 2597 1015 2656; x_wconf 87' lang='lat' dir='ltr'>solia</span> <span class='ocrx_word' id='word_1_226' title='bbox 1040 2597 1070 2654; x_wconf 89' lang='lat' dir='ltr'>in</span> <span class='ocrx_word' id='word_1_227' title='bbox 1095 2608 1188 2656; x_wconf 76' lang='lat' dir='ltr'>casim</span> 
     </span>
    </p>

    <p class='ocr_par' dir='ltr' id='par_1_12' title="bbox 243 2677 341 2734">
     <span class='ocr_line' id='line_1_31' title="bbox 243 2677 341 2734; baseline 0 0"><span class='ocrx_word' id='word_1_228' title='bbox 243 2677 341 2734; x_wconf 91' lang='lat' dir='ltr'>rvenit.</span> 
     </span>
    </p>

    <p class='ocr_par' dir='ltr' id='par_1_13' title="bbox 155 2695 1189 3145">
     <span class='ocr_line' id='line_1_32' title="bbox 155 2695 1189 2832; baseline -0.003 -17"><span class='ocrx_word' id='word_1_229' title='bbox 155 2759 191 2815; x_wconf 80' lang='lat'>30</span> <span class='ocrx_word' id='word_1_230' title='bbox 206 2695 342 2811; x_wconf 82' lang='lat' dir='ltr'>peXLII.</span> <span class='ocrx_word' id='word_1_231' title='bbox 383 2753 460 2811; x_wconf 91' lang='lat' dir='ltr'>Dum</span> <span class='ocrx_word' id='word_1_232' title='bbox 481 2757 543 2812; x_wconf 80' lang='lat' dir='ltr'>haee</span> <span class='ocrx_word' id='word_1_233' title='bbox 558 2756 594 2812; x_wconf 95' lang='lat' dir='ltr'>ad</span> <span class='ocrx_word' id='word_1_234' title='bbox 614 2755 784 2831; x_wconf 87' lang='lat' dir='ltr'>Gergoviam</span> <span class='ocrx_word' id='word_1_235' title='bbox 805 2766 952 2832; x_wconf 86' lang='lat' dir='ltr'>geruntur,</span> <span class='ocrx_word' id='word_1_236' title='bbox 966 2753 1062 2820; x_wconf 86' lang='lat' dir='ltr'>AEdui,</span> <span class='ocrx_word' id='word_1_237' title='bbox 1084 2753 1189 2828; x_wconf 86' lang='lat' dir='ltr'>primis</span> 
     </span>
     <span class='ocr_line' id='line_1_33' title="bbox 206 2831 1187 2908; baseline 0.003 -20"><span class='ocrx_word' id='word_1_238' title='bbox 206 2831 320 2888; x_wconf 83' lang='lat' dir='ltr'>nunciis</span> <span class='ocrx_word' id='word_1_239' title='bbox 344 2851 360 2888; x_wconf 85' lang='lat' dir='ltr'>a</span> <span class='ocrx_word' id='word_1_240' title='bbox 381 2833 509 2890; x_wconf 87' lang='lat' dir='ltr'>Litavico</span> <span class='ocrx_word' id='word_1_241' title='bbox 530 2833 665 2908; x_wconf 85' lang='lat' dir='ltr'>acceptis,</span> <span class='ocrx_word' id='word_1_242' title='bbox 689 2833 798 2890; x_wconf 90' lang='lat' dir='ltr'>nullum</span> <span class='ocrx_word' id='word_1_243' title='bbox 822 2833 876 2891; x_wconf 93' lang='lat' dir='ltr'>sibi</span> <span class='ocrx_word' id='word_1_244' title='bbox 897 2833 933 2891; x_wconf 90' lang='lat' dir='ltr'>ad</span> <span class='ocrx_word' id='word_1_245' title='bbox 954 2833 1187 2908; x_wconf 88' lang='lat' dir='ltr'>cognoscendum</span> 
     </span>
     <span class='ocr_line' id='line_1_34' title="bbox 205 2909 1188 2984; baseline 0.003 -19"><span class='ocrx_word' id='word_1_246' title='bbox 205 2909 326 2984; x_wconf 87' lang='lat' dir='ltr'>spatium</span> <span class='ocrx_word' id='word_1_247' title='bbox 347 2911 518 2984; x_wconf 86' lang='lat' dir='ltr'>relinquunt.</span> <span class='ocrx_word' id='word_1_248' title='bbox 565 2910 610 2969; x_wconf 93' lang='lat' dir='ltr'>Irn</span> <span class='ocrx_word' id='word_1_249' title='bbox 647 2911 690 2969; x_wconf 93' lang='lat' dir='ltr'>llit</span> <span class='ocrx_word' id='word_1_250' title='bbox 708 2911 777 2969; x_wconf 89' lang='lat' dir='ltr'>alios</span> <span class='ocrx_word' id='word_1_251' title='bbox 798 2911 924 2980; x_wconf 85' lang='lat' dir='ltr'>avaritia,</span> <span class='ocrx_word' id='word_1_252' title='bbox 946 2910 1015 2968; x_wconf 87' lang='lat' dir='ltr'>alios</span> <span class='ocrx_word' id='word_1_253' title='bbox 1034 2909 1188 2969; x_wconf 84' lang='lat' dir='ltr'>iracundia</span> 
     </span>
     <span class='ocr_line' id='line_1_35' title="bbox 205 2988 1187 3068; baseline 0.002 -24"><span class='ocrx_word' id='word_1_254' title='bbox 205 2998 234 3044; x_wconf 89' lang='lat' dir='ltr'>et</span> <span class='ocrx_word' id='word_1_255' title='bbox 247 2988 399 3056; x_wconf 88' lang='lat' dir='ltr'>temeritas,</span> <span class='ocrx_word' id='word_1_256' title='bbox 415 3002 477 3064; x_wconf 73' lang='lat' dir='ltr'>quar</span> <span class='ocrx_word' id='word_1_257' title='bbox 498 2989 622 3047; x_wconf 84' lang='lat' dir='ltr'>maxime</span> <span class='ocrx_word' id='word_1_258' title='bbox 636 2989 677 3048; x_wconf 92' lang='lat' dir='ltr'>illi</span> <span class='ocrx_word' id='word_1_259' title='bbox 695 2990 842 3049; x_wconf 88' lang='lat' dir='ltr'>hominnm</span> <span class='ocrx_word' id='word_1_260' title='bbox 862 2989 961 3068; x_wconf 86' lang='lat' dir='ltr'>generi</span> <span class='ocrx_word' id='word_1_261' title='bbox 974 3000 1018 3047; x_wconf 90' lang='lat' dir='ltr'>est</span> <span class='ocrx_word' id='word_1_262' title='bbox 1030 2989 1141 3056; x_wconf 87' lang='lat' dir='ltr'>innata,</span> <span class='ocrx_word' id='word_1_263' title='bbox 1154 3000 1187 3047; x_wconf 92' lang='lat' dir='ltr'>ut</span> 
     </span>
     <span class='ocr_line' id='line_1_36' title="bbox 206 3065 1186 3145; baseline 0.003 -24"><span class='ocrx_word' id='word_1_264' title='bbox 206 3065 298 3122; x_wconf 86' lang='lat' dir='ltr'>levem</span> <span class='ocrx_word' id='word_1_265' title='bbox 322 3068 494 3125; x_wconf 89' lang='lat' dir='ltr'>auditionem</span> <span class='ocrx_word' id='word_1_266' title='bbox 516 3069 641 3126; x_wconf 85' lang='lat' dir='ltr'>habeant</span> <span class='ocrx_word' id='word_1_267' title='bbox 659 3088 711 3144; x_wconf 90' lang='lat' dir='ltr'>pro</span> <span class='ocrx_word' id='word_1_268' title='bbox 732 3088 764 3126; x_wconf 90' lang='lat' dir='ltr'>re</span> <span class='ocrx_word' id='word_1_269' title='bbox 785 3068 937 3145; x_wconf 73' lang='lat' dir='ltr'>comperti.</span> <span class='ocrx_word' id='word_1_270' title='bbox 978 3068 1061 3126; x_wconf 83' lang='lat' dir='ltr'>Bona</span> <span class='ocrx_word' id='word_1_271' title='bbox 1081 3067 1186 3125; x_wconf 84' lang='lat' dir='ltr'>civium</span> 
     </span>
    </p>

    <p class='ocr_par' dir='ltr' id='par_1_14' title="bbox 154 3141 1188 3536">
     <span class='ocr_line' id='line_1_37' title="bbox 154 3141 1187 3221; baseline 0.003 -22"><span class='ocrx_word' id='word_1_272' title='bbox 154 3149 190 3206; x_wconf 83' lang='lat'>35</span> <span class='ocrx_word' id='word_1_273' title='bbox 206 3141 402 3208; x_wconf 87' lang='lat' dir='ltr'>Romanorum</span> <span class='ocrx_word' id='word_1_274' title='bbox 424 3145 569 3221; x_wconf 91' lang='lat' dir='ltr'>diripiunt,</span> <span class='ocrx_word' id='word_1_275' title='bbox 591 3148 685 3206; x_wconf 82' lang='lat' dir='ltr'>caedes</span> <span class='ocrx_word' id='word_1_276' title='bbox 705 3147 823 3214; x_wconf 80' lang='lat' dir='ltr'>faciunt,</span> <span class='ocrx_word' id='word_1_277' title='bbox 845 3147 875 3204; x_wconf 92' lang='lat' dir='ltr'>in</span> <span class='ocrx_word' id='word_1_278' title='bbox 896 3145 1059 3204; x_wconf 88' lang='lat' dir='ltr'>servitutem</span> <span class='ocrx_word' id='word_1_279' title='bbox 1081 3148 1187 3204; x_wconf 89' lang='lat' dir='ltr'>abstra-</span> 
     </span>
     <span class='ocr_line' id='line_1_38' title="bbox 205 3221 1185 3300; baseline 0.003 -21"><span class='ocrx_word' id='word_1_280' title='bbox 205 3221 284 3280; x_wconf 92' lang='lat' dir='ltr'>hunt.</span> <span class='ocrx_word' id='word_1_281' title='bbox 326 3222 451 3299; x_wconf 83' lang='lat' dir='ltr'>Adjuvat</span> <span class='ocrx_word' id='word_1_282' title='bbox 471 3242 531 3280; x_wconf 89' lang='lat' dir='ltr'>rem</span> <span class='ocrx_word' id='word_1_283' title='bbox 544 3225 730 3299; x_wconf 87' lang='lat' dir='ltr'>proclinatam</span> <span class='ocrx_word' id='word_1_284' title='bbox 751 3223 996 3298; x_wconf 73' lang='lat' dir='ltr'>Conuictolitauis,</span> <span class='ocrx_word' id='word_1_285' title='bbox 1016 3224 1185 3300; x_wconf 90' lang='lat' dir='ltr'>plebemque</span> 
     </span>
     <span class='ocr_line' id='line_1_39' title="bbox 204 3300 1188 3378; baseline 0.002 -20"><span class='ocrx_word' id='word_1_286' title='bbox 204 3301 241 3358; x_wconf 89' lang='lat' dir='ltr'>ad</span> <span class='ocrx_word' id='word_1_287' title='bbox 255 3302 377 3360; x_wconf 84' lang='lat' dir='ltr'>furorem</span> <span class='ocrx_word' id='word_1_288' title='bbox 391 3300 519 3377; x_wconf 89' lang='lat' dir='ltr'>impellit,</span> <span class='ocrx_word' id='word_1_289' title='bbox 533 3311 573 3370; x_wconf 92' lang='lat' dir='ltr'>ut,</span> <span class='ocrx_word' id='word_1_290' title='bbox 585 3303 711 3361; x_wconf 85' lang='lat' dir='ltr'>facinore</span> <span class='ocrx_word' id='word_1_291' title='bbox 725 3304 857 3371; x_wconf 89' lang='lat' dir='ltr'>admisso,</span> <span class='ocrx_word' id='word_1_292' title='bbox 869 3303 905 3360; x_wconf 91' lang='lat' dir='ltr'>ad</span> <span class='ocrx_word' id='word_1_293' title='bbox 919 3302 1070 3361; x_wconf 83' lang='lat' dir='ltr'>sanitatem</span> <span class='ocrx_word' id='word_1_294' title='bbox 1080 3303 1188 3378; x_wconf 83' lang='lat' dir='ltr'>pudeat</span> 
     </span>
     <span class='ocr_line' id='line_1_40' title="bbox 203 3379 1186 3457; baseline 0 -19"><span class='ocrx_word' id='word_1_295' title='bbox 203 3380 313 3438; x_wconf 86' lang='lat' dir='ltr'>teverti.</span> <span class='ocrx_word' id='word_1_296' title='bbox 363 3379 404 3438; x_wconf 91' lang='lat' dir='ltr'>M.</span> <span class='ocrx_word' id='word_1_297' title='bbox 426 3379 733 3440; x_wconf 22' lang='lat' dir='ltr'>Aristiumwtribunurn</span> <span class='ocrx_word' id='word_1_298' title='bbox 753 3382 884 3449; x_wconf 89' lang='lat' dir='ltr'>militurn,</span> <span class='ocrx_word' id='word_1_299' title='bbox 906 3380 960 3438; x_wconf 88' lang='lat' dir='ltr'>iter</span> <span class='ocrx_word' id='word_1_300' title='bbox 984 3381 1021 3438; x_wconf 92' lang='lat' dir='ltr'>ad</span> <span class='ocrx_word' id='word_1_301' title='bbox 1042 3381 1186 3457; x_wconf 80' lang='lat' dir='ltr'>legionem</span> 
     </span>
     <span class='ocr_line' id='line_1_41' title="bbox 204 3455 1185 3536; baseline 0.005 -25"><span class='ocrx_word' id='word_1_302' title='bbox 204 3455 366 3526; x_wconf 84' lang='lat' dir='ltr'>facientem,</span> <span class='ocrx_word' id='word_1_303' title='bbox 393 3460 460 3516; x_wconf 75' lang='lat' dir='ltr'>daut</span> <span class='ocrx_word' id='word_1_304' title='bbox 486 3459 543 3516; x_wconf 90' lang='lat' dir='ltr'>fide</span> <span class='ocrx_word' id='word_1_305' title='bbox 566 3479 602 3516; x_wconf 84' lang='lat' dir='ltr'>ex</span> <span class='ocrx_word' id='word_1_306' title='bbox 624 3459 727 3536; x_wconf 91' lang='lat' dir='ltr'>oppido</span> <span class='ocrx_word' id='word_1_307' title='bbox 751 3459 901 3518; x_wconf 86' lang='lat' dir='ltr'>Cabillono</span> <span class='ocrx_word' id='word_1_308' title='bbox 926 3459 1074 3517; x_wconf 78' lang='lat' dir='ltr'>educunt:</span> <span class='ocrx_word' id='word_1_309' title='bbox 1109 3459 1185 3518; x_wconf 87' lang='lat' dir='ltr'>idem</span> 
     </span>
    </p>

    <p class='ocr_par' dir='ltr' id='par_1_15' title="bbox 153 3531 1185 3849">
     <span class='ocr_line' id='line_1_42' title="bbox 153 3531 1183 3613; baseline -0.002 -19"><span class='ocrx_word' id='word_1_310' title='bbox 153 3532 298 3594; x_wconf 69' lang='lat' dir='ltr'>sefacere</span> <span class='ocrx_word' id='word_1_311' title='bbox 323 3548 430 3612; x_wconf 86' lang='lat' dir='ltr'>cogunt</span> <span class='ocrx_word' id='word_1_312' title='bbox 455 3556 513 3604; x_wconf 89' lang='lat' dir='ltr'>eos,</span> <span class='ocrx_word' id='word_1_313' title='bbox 539 3531 588 3613; x_wconf 83' lang='lat' dir='ltr'>qni</span> <span class='ocrx_word' id='word_1_314' title='bbox 614 3535 779 3612; x_wconf 83' lang='lat' dir='ltr'>negotiandi</span> <span class='ocrx_word' id='word_1_315' title='bbox 805 3537 892 3596; x_wconf 70' lang='lat' dir='ltr'>causi</span> <span class='ocrx_word' id='word_1_316' title='bbox 923 3536 963 3594; x_wconf 92' lang='lat' dir='ltr'>ibi</span> <span class='ocrx_word' id='word_1_317' title='bbox 988 3537 1183 3596; x_wconf 87' lang='lat' dir='ltr'>constiterant.</span> 
     </span>
     <span class='ocr_line' id='line_1_43' title="bbox 204 3609 1183 3691; baseline 0.006 -24"><span class='ocrx_word' id='word_1_318' title='bbox 204 3609 267 3668; x_wconf 88' lang='lat' dir='ltr'>Hos</span> <span class='ocrx_word' id='word_1_319' title='bbox 276 3613 412 3672; x_wconf 79' lang='lat' dir='ltr'>continuo</span> <span class='ocrx_word' id='word_1_320' title='bbox 427 3615 457 3672; x_wconf 88' lang='lat' dir='ltr'>in</span> <span class='ocrx_word' id='word_1_321' title='bbox 468 3614 569 3673; x_wconf 89' lang='lat' dir='ltr'>itinere</span> <span class='ocrx_word' id='word_1_322' title='bbox 580 3615 679 3682; x_wconf 86' lang='lat' dir='ltr'>adorti,</span> <span class='ocrx_word' id='word_1_323' title='bbox 693 3617 826 3673; x_wconf 86' lang='lat' dir='ltr'>omnibus</span> <span class='ocrx_word' id='word_1_324' title='bbox 836 3615 1046 3691; x_wconf 87' lang='lat' dir='ltr'>impedimentis</span> <span class='ocrx_word' id='word_1_325' title='bbox 1056 3626 1183 3683; x_wconf 75' lang='lat' dir='ltr'>exuunt,</span> 
     </span>
     <span class='ocr_line' id='line_1_44' title="bbox 203 3691 1185 3769; baseline 0.004 -23"><span class='ocrx_word' id='word_1_326' title='bbox 203 3701 393 3764; x_wconf 88' lang='lat' dir='ltr'>repugnantes</span> <span class='ocrx_word' id='word_1_327' title='bbox 406 3692 482 3750; x_wconf 87' lang='lat' dir='ltr'>diem</span> <span class='ocrx_word' id='word_1_328' title='bbox 495 3703 664 3769; x_wconf 88' lang='lat' dir='ltr'>noctemque</span> <span class='ocrx_word' id='word_1_329' title='bbox 677 3694 826 3763; x_wconf 90' lang='lat' dir='ltr'>obsident;</span> <span class='ocrx_word' id='word_1_330' title='bbox 847 3691 944 3750; x_wconf 88' lang='lat' dir='ltr'>multis</span> <span class='ocrx_word' id='word_1_331' title='bbox 954 3693 1087 3768; x_wconf 90' lang='lat' dir='ltr'>utrinque</span> <span class='ocrx_word' id='word_1_332' title='bbox 1102 3693 1185 3752; x_wconf 87' lang='lat' dir='ltr'>inter·</span> 
     </span>
     <span class='ocr_line' id='line_1_45' title="bbox 203 3764 973 3849; baseline 0.01 -27"><span class='ocrx_word' id='word_1_333' title='bbox 203 3764 295 3832; x_wconf 81' lang='lat' dir='ltr'>fectis,</span> <span class='ocrx_word' id='word_1_334' title='bbox 310 3767 444 3840; x_wconf 86' lang='lat' dir='ltr'>majorem</span> <span class='ocrx_word' id='word_1_335' title='bbox 457 3771 667 3849; x_wconf 75' lang='lat' dir='ltr'>multitudinem</span> <span class='ocrx_word' id='word_1_336' title='bbox 681 3773 716 3828; x_wconf 92' lang='lat' dir='ltr'>ad</span> <span class='ocrx_word' id='word_1_337' title='bbox 731 3771 973 3830; x_wconf 83' lang='lat' dir='ltr'>armaconcitant.</span> 
     </span>
    </p>

    <p class='ocr_par' dir='ltr' id='par_1_16' title="bbox 178 3841 1183 3932">
     <span class='ocr_line' id='line_1_46' title="bbox 178 3841 1183 3932; baseline 0.007 -33"><span class='ocrx_word' id='word_1_338' title='bbox 178 3919 180 3932; x_wconf 40' lang='grc' dir='ltr'>Ι</span> <span class='ocrx_word' id='word_1_339' title='bbox 242 3841 356 3900; x_wconf 90' lang='lat' dir='ltr'>XLlII.</span> <span class='ocrx_word' id='word_1_340' title='bbox 397 3842 515 3902; x_wconf 84' lang='lat' dir='ltr'>Interim</span> <span class='ocrx_word' id='word_1_341' title='bbox 534 3847 642 3906; x_wconf 88' lang='lat' dir='ltr'>nuncio</span> <span class='ocrx_word' id='word_1_342' title='bbox 662 3848 755 3917; x_wconf 88' lang='lat' dir='ltr'>allato,</span> <span class='ocrx_word' id='word_1_343' title='bbox 778 3859 894 3906; x_wconf 85' lang='lat' dir='ltr'>‘omnes</span> <span class='ocrx_word' id='word_1_344' title='bbox 906 3865 1006 3908; x_wconf 88' lang='lat' dir='ltr'>eornm</span> <span class='ocrx_word' id='word_1_345' title='bbox 1029 3849 1135 3908; x_wconf 87' lang='lat' dir='ltr'>milites</span> <span class='ocrx_word' id='word_1_346' title='bbox 1152 3849 1183 3906; x_wconf 90' lang='lat' dir='ltr'>in</span> 
     </span>
    </p>
   </div>
   <div class='ocr_carea' id='block_1_4' title="bbox 0 0 1286 4422">
    <p class='ocr_par' dir='ltr' id='par_1_17' title="bbox 0 0 1286 4422">
     <span class='ocr_line' id='line_1_47' title="bbox 0 0 1286 4422; baseline 0 0"><span class='ocrx_word' id='word_1_347' title='bbox 0 0 1286 4422; x_wconf 95' lang='lat' dir='ltr'> </span> 
     </span>
    </p>
   </div>
  </div>
 </body>
</html>
