2564 4422
153 301 199 372 μ
522 297 877 360 ormnuocauuco

206 447 399 524 numaque,
425 453 458 502 ot
489 439 591 520 Popili
616 441 743 500 Romani
776 441 864 500 tuan
895 453 1078 518 aquenum
1112 459 1193 519 sequ

208 521 398 584 celeriter.ed
420 531 571 580 sentiarum
594 520 721 578 nunciet
772 521 944 589 Volusenus,
1109 522 1115 534 “
1157 541 1194 580 re·

207 601 350 678 gionibus,
363 612 501 678 qnantum
514 601 542 658 ei
556 599 698 658 facultatis
711 599 773 657 dari
786 599 887 676 potuit,
900 599 950 676 qui
966 601 1038 658 nari
1051 601 1151 678 agredi
1163 617 1194 658 tc

208 699 240 738 se
253 679 382 738 barbaris
401 679 577 741 committere
591 697 649 736 non
670 678 797 746 auderet,
811 679 911 753 quinto
923 679 971 736 die
992 681 1031 738 ad
1054 680 1193 738 Caesarem

175 773 194 826 5
208 760 373 830 revertitur;
390 775 511 834 quisque
525 757 565 815 ibi
577 757 776 834 perspexisset,
790 757 950 816 renunciat

161 835 203 907 χ’
248 837 352 898 XXII.
393 837 470 894 Dum
483 837 513 893 in
527 836 652 894 bisloois
665 836 892 894 Caesar‘navium
900 838 1099 912 parandarum
1112 835 1194 894 causi

208 928 342 984 matur,
364 935 400 974 ex
419 915 525 991 magna
547 925 627 990 parte
648 913 827 974 Morinorum
854 915 978 974 adeum
1001 915 1094 992 legati
1117 933 1195 973 rene

208 1005 285 1062 runt,
298 995 348 1071 qui
367 1013 398 1052 se
411 995 448 1052 de
467 993 620 1074 superioris
632 994 765 1070 temporis
784 993 904 1052 consilio
916 1004 1103 1062 exornarent,
1124 991 1193 1070 qudd

209 1073 338 1132 burnines
369 1072 482 1130 barbari
507 1083 537 1130 et
569 1083 671 1130 nostroe
698 1072 913 1129 consuetudinis
938 1072 1068 1148 imperiti
1096 1072 1193 1130 bellum

160 1164 194 1218 ιο
209 1149 317 1226 Populo
343 1151 479 1210 Romano
501 1151 645 1218 fecissent,
666 1167 754 1224 seque
774 1167 820 1217 ea,
844 1170 908 1225 quae
936 1151 1120 1227 impertisset,
1144 1150 1194 1207 lac

209 1239 286 1288 turos
298 1230 507 1308 pollicerentur.
527 1281 530 1286 .
549 1229 614 1286 Hoc
625 1227 678 1284 sibi
691 1226 761 1285 satis
770 1229 928 1302 opportund
942 1231 1045 1288 Caesar
1060 1229 1193 1288 accidisse

210 1307 371 1377 arbitratus,
385 1307 461 1384 qubd
475 1327 567 1381 neque
574 1317 637 1380 post
649 1316 761 1380 tergum
776 1306 886 1363 hostem
899 1307 1064 1383 relinquere
1079 1307 1194 1372 volebat,

209 1404 302 1458 neque
316 1387 383 1442 belli
403 1385 522 1460 gerendi
534 1391 647 1459 propter
668 1383 736 1440 anni
749 1393 861 1460 tempus
875 1385 1044 1445 facultatem
1067 1386 1194 1450 habebat,

208 1481 302 1536 neque
332 1463 384 1520 has
410 1462 583 1520 tantularum
608 1481 704 1519 rerum
730 1462 934 1537 occupationes
959 1464 1014 1521 sibi
1044 1463 1195 1524 Britannia

160 1552 194 1606 15
209 1541 424 1616 anteponendas
453 1540 612 1617 judicabat,
639 1559 776 1616 magnum
808 1540 852 1597 his
878 1541 1010 1600 obsidum
1047 1549 1195 1602 numerum

119 1621 122 1634 “’
209 1618 338 1694 imperat.
378 1619 495 1681 Quibus
517 1619 657 1688 adductis,
679 1639 729 1678 eos
749 1619 779 1676 in
800 1619 886 1678 fidem
907 1621 1023 1697 recepit
1070 1621 1195 1681 Navibus

104 1731 107 1742 ι
131 1739 134 1752 .
209 1697 323 1756 circiter
334 1698 452 1756 LXXX
464 1698 603 1758 onerariis
617 1698 725 1757 coactis
737 1699 958 1775 contractisque,
972 1700 1128 1774 quodsatis
1137 1715 1194 1756 esse

129 1757 144 1834 I
211 1777 332 1835 adduas
351 1779 584 1854 transportandas
596 1778 724 1854 legiones
744 1778 933 1846 existimabat,
946 1779 1087 1854 quidquid
1101 1787 1196 1855 prete·

114 1923 118 1933 Δ
209 1875 260 1914 rea
271 1857 387 1915 navium
400 1856 550 1933 longardrn
564 1857 696 1924 habebat,
718 1857 859 1929 questori,
874 1857 984 1932 legatis,
999 1857 1194 1932 prarl'ectisque

158 1943 195 1997 2⁰
210 1935 379 2004 manbote,
404 1935 472 1993 Huc
493 1935 670 1992 accedebant
690 1932 797 1991 XVIII
811 1935 948 2004 onerariae
969 1955 1068 2004 naves,
1084 1953 1149 2012 quar
1161 1951 1195 1990 er

104 2009 107 2014 ’
209 2033 245 2071 eo
266 2013 331 2072 loco
354 2015 390 2070 ab
413 2014 540 2070 millibus
564 2029 699 2085 passuum
722 2009 799 2067 VIII
826 2005 911 2068 veiitc
934 2014 1119 2082 tenebantur,
1141 2009 1195 2086 qud

209 2089 306 2148 minus
319 2091 349 2146 in
370 2090 493 2147 eundem
506 2098 618 2162 portum
638 2088 785 2162 pervenire
805 2099 928 2162 possent
971 2089 1034 2147 llas
1051 2091 1196 2166 equitibus

209 2166 370 2235 distribuit3
391 2166 529 2239 reliquum
546 2164 704 2222 exercitum
722 2164 762 2225 Q.
777 2164 891 2223 Titurio
909 2167 1018 2225 Sabino
1036 2179 1066 2225 et
1088 2171 1125 2226 L.
1138 2170 1197 2226 Au-

209 2243 358 2302 runculeio
383 2243 475 2301 (lotus
501 2243 612 2320 legatis,
639 2242 669 2300 in
697 2242 847 2318 Menapios
873 2253 956 2320 atque
979 2244 1009 2302 in
1032 2263 1084 2304 eos
1107 2263 1195 2323 pagos

158 2331 194 2386 25
210 2321 397 2391 Morinorum,
413 2323 449 2379 ab
462 2323 564 2398 quibus
579 2324 614 2379 ad
630 2341 696 2379 eum
710 2321 796 2398 legati
811 2342 868 2379 non
888 2333 1034 2391 venerant,
1049 2325 1196 2383 deducen-

210 2402 278 2458 dum
293 2401 380 2458 dedit.
422 2402 453 2459 P.
470 2402 629 2478 Sulpicium
647 2401 759 2459 Rufum
772 2401 908 2477 legatum,
923 2419 990 2460 cum
1003 2422 1039 2461 eo
1051 2370 1220 2480 praesidia·

209 2481 284 2556 quod
298 2479 367 2539 satis
379 2500 442 2538 esse
457 2481 656 2550 arbitrabatur,
669 2492 782 2557 portum
795 2491 893 2538 tenere
905 2481 996 2556 jussit.

248 2559 368 2618 XXIII.
411 2560 466 2619 His
486 2561 647 2620 constitutis
668 2562 762 2628 rebus,
783 2572 884 2618 nactus
906 2561 1038 2619 idoneam
1062 2561 1098 2620 ad
1116 2544 1195 2648 tifil-

210 2642 336 2718 gaudum
357 2650 564 2715 tempestatem,
579 2640 662 2697 tertia
683 2638 742 2695 sere
757 2638 853 2713 vigilia
874 2639 964 2706 solvit,
979 2639 1143 2714 equitesque
1164 2655 1193 2692 rn

159 2725 194 2780 30
210 2719 371 2776 ulteriorem
384 2729 495 2792 portum
509 2717 650 2792 progredi,
665 2724 694 2771 et
709 2734 796 2772 naves
810 2717 1014 2786 conscendere,
1028 2729 1099 2776 etse
1165 2714 1193 2771 ui

206 2795 308 2870 jussit:
341 2813 357 2851 a
380 2794 483 2867 quibus
506 2811 593 2868 quum
614 2790 699 2868 pauld
723 2790 833 2849 tardids
856 2805 931 2851 esset
955 2735 1193 2859 administrem,

210 2873 269 2950 ipse
283 2873 353 2930 hora
362 2870 424 2934 diei
442 2870 556 2928 circiter
569 2869 669 2946 quarta
682 2887 749 2927 cum
768 2870 868 2946 prImis
881 2873 1002 2931 navibus
1015 2873 1193 2943 Britanniam

210 2953 312 3029 attigit,
327 2961 410 3027 atque
425 2949 464 3006 ibi
485 2949 515 3006 in
528 2949 661 3007 omnibus
673 2948 793 3006 collibus
806 2951 947 3026 expositas
961 2953 1083 3011 hostium
1096 2951 1193 3030 copias

97 3053 99 3061 ’
199 3040 333 3088 'armatas
351 3027 516 3104 conspexit
547 3027 638 3105 Cujus
657 3027 714 3085 loci
728 3029 790 3085 haeo
810 3040 871 3086 erat
884 3041 1005 3089 natura:
1027 3030 1099 3090 adeb
1114 3049 1193 3090 mon·
1256 3079 1257 3102 ἦ

158 3115 194 3170 35
208 3108 285 3166 tibus
300 3106 427 3183 angustis
446 3125 524 3163 mare
538 3107 747 3174 continebatur,
762 3105 803 3165 uti
819 3125 855 3165 ex
868 3108 939 3166 locis
958 3111 1150 3186 superioribus
1163 3107 1192 3165 in
1256 3137 1257 3148 κ

100 3219 103 3224 ·
209 3187 288 3247 littus
300 3185 388 3246 telum
399 3183 485 3259 adjici
498 3194 601 3260 posset.
643 3185 733 3242 Hunc
747 3185 782 3241 ad
796 3187 1002 3262 egrediendum
1013 3189 1192 3264 nequiquam

209 3269 345 3327 idoneum
366 3263 517 3322 arbitratus
544 3263 649 3331 locum,
671 3264 739 3321 dum
763 3265 878 3340 relique
898 3285 985 3325 naves
1002 3267 1039 3324 ed
1058 3265 1193 3323 conveni·

208 3359 281 3415 rent,
310 3347 345 3405 ad
369 3347 467 3404 horam
493 3361 600 3408 nonam
625 3342 655 3400 in
682 3343 814 3400 anchoris
839 3345 1020 3422 exspectavit.
1071 3343 1192 3401 Interim

209 3422 310 3498 legatis
332 3423 509 3499 tribunisque
530 3420 651 3479 militum
669 3422 841 3491 convocatis,
863 3435 892 3482 et
911 3441 973 3500 quae
990 3441 1026 3478 ex
1045 3421 1191 3481 Voluseno

159 3509 193 3562 tu
209 3503 397 3576 cognovisset,
422 3513 452 3560 et
471 3521 534 3578 quta
554 3500 616 3558 fieri
629 3500 722 3568 vellet,
743 3502 876 3570 ostendit,
897 3485 1061 3574 moduitque
1084 3502 1130 3578 (ut
1150 3501 1190 3560 rei

209 3579 338 3638 militaris
359 3581 440 3648 ratio,
454 3578 578 3639 maxima
598 3589 629 3636 ut
646 3579 795 3637 maritime
816 3599 861 3637 res
878 3577 1062 3656 postularent,
1076 3592 1189 3657 utque

209 3658 330 3716 celerem
352 3668 435 3731 atque
449 3659 610 3734 instabilem
630 3668 736 3714 motum
758 3659 919 3738 haberent),
935 3657 970 3714 ad
990 3657 1092 3716 nulum
1105 3671 1135 3717 et
1155 3658 1188 3716 ad

209 3748 320 3812 tempus
332 3740 432 3793 onines
451 3756 498 3794 res
514 3734 599 3794 abiis
619 3735 890 3794 administrarentur.
932 3736 988 3793 His
1007 3737 1141 3804 diutissis,
1161 3745 1189 3794 et

209 3825 324 3874 ventum
337 3825 365 3872 et
379 3823 478 3870 testum
499 3831 557 3872 uno
571 3825 696 3888 tempore
716 3823 818 3870 nactus
839 3815 1008 3883 seeundum,
1019 3815 1090 3901 ¹datu
1109 3817 1189 3892 signo
