2590 4424
472 326 579 378 maan
594 325 736 396 smnus.
763 287 768 294 “
844 359 848 374 .
1106 317 1158 393 ,ω’

103 472 190 534 ἰἰὶοιιι
202 481 310 530 certam
323 470 462 538 indicere,
476 470 561 546 idque
571 467 695 526 Caesaris
708 467 852 526 voluntate
866 467 970 535 faeere,
981 461 1097 528 liceret:

111 571 176 608 sese
195 553 300 608 habere
322 551 460 625 quasdam
480 569 535 615 res,
556 549 627 623 q'uas
639 566 676 604 ex
691 547 837 603 communi
858 565 1000 604 consensu
1014 548 1050 604 ab
1063 567 1099 606 co
1119 555 1124 566 ‘

110 639 207 705 petere
221 629 346 686 vellent!
387 627 432 684 Et
445 647 476 686 re
490 626 638 702 permissa,
652 625 729 682 diem
743 625 866 682 concilio
879 625 1096 693 constituerunt,

75 713 80 725 “
110 717 141 764 et
165 707 368 782 jurejurando:
386 725 426 782 pe
448 707 514 781 quis
539 703 718 788 enup'ciaret,
745 703 801 758 nisi
823 702 926 778 quibus
952 704 1098 762 communi

20 819 23 824 -
111 785 231 842 consilio
244 783 411 842 mandatum
425 794 510 850 esset,
525 783 598 840 inter
611 801 642 838 se
658 792 822 838 sanxerunt
1123 791 1141 843 5

150 862 268 920 XXXI.
310 863 354 920 Eo
375 863 500 920 concilio
519 861 645 927 dimisso,
667 860 754 916 iidem
775 859 919 934 principes
939 859 1096 929 civitatum,

110 941 159 1016 qui
168 940 235 998 antri
245 942 357 1000 fuerant
371 942 407 998 ad
416 941 570 1005 Caesarem,
579 948 765 1004 reverterunt,
776 938 983 1014 petieruntque,
992 937 1034 996 uti
1043 939 1097 998 sibi
1148 944 1150 959 ¹

110 1016 223 1076 secretd
238 1019 267 1076 in
277 1020 391 1076 ecculm
401 1020 437 1076 de
451 1020 503 1074 suti
510 1017 694 1090 omniumque
704 1015 795 1072 salute
809 1035 875 1072 curn
888 1037 923 1074 eo
937 1017 1098 1092 agerclice·

110 1106 173 1164 ret¹
206 1097 250 1154 Et
270 1117 301 1154 re
322 1097 481 1171 impetrata,
503 1114 565 1150 sese
582 1113 683 1150 omnes
703 1091 809 1156 flentes.
825 1093 932 1152 Caesari
953 1096 988 1152 ad
1009 1097 1097 1170 pedes

109 1175 314 1250 projecerunt:
343 1175 431 1232 ‘Non
451 1171 548 1230 mimis
568 1191 599 1228 se
620 1171 649 1227 id
668 1172 840 1228 contendere
857 1183 887 1229 et
906 1173 1044 1241 laborare,
1058 1193 1096 1232 ne
1108 1181 1141 1234 10

16 1263 21 1282 ¹
110 1271 156 1319 ea,
178 1271 242 1328 quae
258 1253 403 1320 dixissent,
417 1251 652 1316 enunciarentur,
666 1247 752 1323 qudm
773 1247 813 1306 nti
832 1269 877 1318 ea,
898 1271 961 1324 quae
982 1252 1095 1320 vellent,

111 1330 314 1406 impetrarent:
341 1341 490 1406 propterea
503 1329 590 1404 quod,
609 1328 633 1384 si
649 1328 834 1386 enunciatnm
855 1339 940 1395 esset,
954 1349 1096 1388 summum

110 1408 141 1466 in
167 1409 326 1466 cruciatum
349 1428 380 1466 se
404 1420 538 1471 venturos
561 1406 708 1462 viderent’
760 1405 886 1463 Locutus
912 1417 955 1464 est
975 1427 1026 1482 pro
1052 1409 1097 1465 his
1179 1465 1182 1472 ,

110 1486 271 1545 Divitiacus
285 1487 413 1544 AEduus:
436 1485 555 1543 ‘Galliae
566 1484 652 1542 totius
666 1483 803 1540 factiones
813 1503 875 1542 esse
886 1486 973 1542 duas:
994 1487 1096 1544 harum

112 1564 227 1622 alterius
247 1565 438 1640 principatum
462 1576 560 1622 tenere
582 1563 702 1628 AEduos,
725 1562 839 1620 alterius
860 1564 1013 1621 Arvernos.
1031 1565 1096 1622 llll
1107 1571 1140 1622 15

111 1661 201 1716 quum
214 1653 360 1716 tantopere
374 1644 410 1699 de
423 1653 571 1718 potentatu
585 1641 658 1697 inter
678 1660 709 1696 se
724 1641 825 1697 multos
840 1659 929 1698 annos
942 1645 1096 1702 contende·

111 1730 185 1786 rent,
213 1720 320 1776 factum
346 1739 419 1787 esse,
443 1718 484 1778 uti
512 1721 548 1776 ab
574 1720 711 1776 Arvernis
738 1719 933 1796 Sequanisque
959 1721 1096 1778 Germani

110 1799 244 1855 mercede
270 1810 488 1856 arcesserentur.
540 1798 651 1856 Horum
674 1794 765 1872 primd
789 1797 903 1854 circiter
926 1798 1015 1854 millia
1037 1799 1095 1856 XV

74 1945 77 1950 ,
110 1875 249 1933 Rhenum
271 1876 425 1936 transisse:
453 1889 637 1952 posteaquam
661 1895 744 1951 agros
767 1885 795 1932 et
819 1875 927 1932 cultum
948 1886 977 1932 et
1000 1877 1096 1953 copias
1139 1885 1165 1916 ·'

109 1955 256 2012 Gallorum
284 1956 414 2012 homines
446 1956 498 2013 feri
525 1975 560 2014 ac
587 1954 700 2012 barbari
734 1953 924 2021 adamassem,
950 1956 1096 2014 traductos
1105 1961 1141 2018 20

109 2032 223 2108 plures:
244 2053 324 2109 nunc
337 2053 400 2092 esse
422 2035 452 2092 in
465 2035 561 2092 Gallia
575 2034 611 2091 ad
625 2033 651 2089 O
664 2043 694 2090 et
714 2031 774 2089 XX
789 2032 909 2088 millium
925 2051 1095 2091 numerum:

109 2112 235 2168 cumbis
249 2112 369 2180 AEdnos,
383 2132 540 2188 eorumque
556 2113 676 2170 clientes
689 2111 777 2168 semel
791 2121 874 2185 atque
895 2111 997 2168 iterum
1011 2113 1096 2170 arinis

109 2191 309 2260 contendisse3
329 2209 465 2268 magnam
485 2191 677 2250 calamitatem
697 2189 793 2265 pulsos
813 2189 973 2265 accepisse,
982 2210 1096 2250 omnem
1125 2243 1131 2264 „

109 2268 296 2335 nobilitatem,
321 2289 437 2328 omnem
464 2282 606 2337 senatum,
631 2288 747 2328 omnem
773 2269 930 2344 equitatum
957 2270 1094 2328 amisisse.

108 2347 227 2407 Quibus
238 2348 344 2422 praeliis
362 2349 629 2424 calamitatibusque
643 2350 757 2415 fractos,
771 2348 820 2422 qui
837 2362 867 2405 et
880 2348 932 2404 aud
945 2348 1046 2407 virtute
1066 2361 1095 2408 et
1106 2347 1141 2400 25

109 2423 211 2499 Populi
238 2425 365 2482 Romani
388 2427 511 2502 hospitio
534 2438 618 2502 atque
645 2427 772 2485 amicitia
797 2427 950 2502 plurimum
974 2427 1040 2485 aute
1065 2427 1094 2486 iu

108 2502 206 2560 Gallia
218 2503 386 2576 potuissent,
399 2515 515 2562 coactos
534 2525 598 2562 esse
611 2505 753 2580 Sequanis
765 2505 880 2563 obsides
892 2507 961 2564 dare
979 2506 1096 2564 nobilis-

108 2579 198 2637 simos
223 2579 355 2647 civitatis,
382 2593 413 2639 et
435 2583 621 2658 jurejurando
650 2584 793 2642 civitatem
819 2583 1006 2659 obstringere,
1032 2603 1095 2642 sese

109 2677 203 2732 neque
217 2658 331 2716 obsides
346 2662 524 2736 repetituros,
538 2667 632 2736 neque
652 2663 788 2720 auxilium
803 2682 821 2718 a
833 2661 941 2736 Populo
955 2661 1095 2719 'Romano

109 2736 316 2812 imploraturos,
330 2758 423 2814 neque
443 2752 633 2808 recusaturos,
647 2741 799 2815 quominus
818 2738 955 2816 perpetud
968 2740 1021 2796 sub
1035 2739 1095 2798 illo-
1104 2745 1139 2798 30

108 2833 172 2877 rum
191 2815 300 2872 ditione
321 2829 405 2892 atque
424 2819 542 2895 imperio
561 2830 666 2877 essent.
708 2819 805 2877 Unum
826 2839 857 2876 se
877 2837 940 2876 esse
960 2838 996 2876 ex
1016 2820 1095 2877 omni

108 2893 224 2951 civitate
245 2893 415 2963 AEduorum,
435 2898 485 2973 qui
505 2899 611 2955 adduci
632 2918 690 2955 non
710 2897 844 2974 potuerit,
865 2909 897 2954 ut
914 2898 1031 2972 juraret,
1047 2909 1096 2955 aut

108 2991 175 3029 suos
195 2971 300 3029 liberos
318 2975 433 3032 obsides
446 2976 535 3033 daret.
574 2976 625 3033 Ob
643 2996 709 3034 eam
729 2996 791 3034 rem
803 2995 833 3032 se
853 2995 889 3032 ex
903 2976 1017 3033 civitate
1033 2997 1096 3052 pro-

108 3050 226 3125 fugisse,
240 3060 270 3108 et
283 3051 408 3110 Romam
422 3053 458 3110 ad
477 3065 610 3112 senatum
624 3055 746 3123 venisse,
760 3055 897 3112 auxilium
912 3055 1094 3132 postulatum,

107 3127 186 3202 qudd
211 3128 288 3186 solus
314 3150 407 3206 neque
437 3131 624 3208 jurejurando
648 3153 741 3208 neque
767 3133 914 3191 obsidibus
941 3138 1140 3191 teneretur.35

109 3208 168 3264 Sed
180 3205 264 3282 pejus
277 3209 432 3267 victoribus
451 3211 603 3287 Sequanis,
616 3212 703 3288 qnam
717 3211 821 3270 AEduis
837 3211 929 3279 victis,
944 3212 1094 3278 accidisse,

107 3297 258 3362 propterea
268 3286 346 3361 qudd
361 3288 530 3358 Ariovistus,
541 3311 593 3349 rex
604 3291 823 3358 Germanorum,
838 3291 868 3348 in
878 3309 977 3347 eorum
991 3289 1096 3347 finibus

103 3364 294 3431 consedisset,
308 3367 476 3442 tertiamque
485 3381 595 3444 partem
606 3369 668 3445 agri
682 3370 818 3444 Sequani,
829 3369 878 3443 qui
888 3378 963 3426 esset
972 3367 1095 3442 optimus

108 3443 196 3501 mlius
216 3442 330 3512 Gallie,
354 3448 561 3522 occupavisset,
583 3459 614 3504 et
636 3467 716 3505 nunc
738 3448 775 3506 de
797 3448 885 3504 attera
907 3457 988 3519 parte
1010 3449 1095 3506 tertid

110 3522 259 3595 Sequanos
271 3524 413 3581 decedere
424 3524 535 3597 juberet
546 3546 555 3594 ς
575 3536 725 3602 propterea
737 3525 825 3602 qudd,
835 3523 936 3599 paucis
948 3527 1095 3585 mensibus
1104 3535 1139 3587 40

110 3599 190 3669 ante,
212 3597 365 3660 Harudum
385 3602 476 3660 millia
495 3603 644 3662 bominum
666 3605 773 3663 XXIV
795 3603 831 3660 ad
852 3622 918 3660 eum
939 3605 1093 3670 venissent,
1165 3637 1173 3650 ·

109 3680 214 3756 quibus
222 3681 302 3738 locus
312 3701 347 3738 ac
357 3682 441 3740 sedes
449 3693 626 3756 pararentur.
667 3683 991 3760 Futurumessepaucis
1001 3681 1093 3748 annis,
1183 3711 1187 3717 a

109 3759 152 3818 nti
165 3777 266 3816 omnes
277 3777 313 3814 ex
325 3759 427 3818 Galliae
440 3759 547 3818 tinibus
555 3761 736 3836 pellerentur,
751 3772 835 3837 atque
844 3781 945 3820 omnes
958 3760 1095 3818 Germani

109 3839 249 3898 Bbennm
261 3837 432 3974 transireat:
452 3853 547 3915 neqoe
559 3839 638 3898 enim
655 3841 862 3900 conterendum
874 3860 938 3900 esse
951 3839 1094 3898 Gallicum
