2590 4424
454 347 758 408 mensuumque.
1079 323 1086 332 ’
1106 351 1147 418 53

109 493 223 571 oppidis
241 492 447 568 demigrarent,
469 489 581 558 liberos,
595 507 707 558 uxores,
723 509 830 566 suaque
843 493 940 552 oinnia
960 494 991 558 iu
1003 496 1096 572 sylves

111 573 295 649 deponerent,
318 581 405 644 atque
423 587 531 640 omnes,
554 568 603 644 qui
625 587 704 626 arma
725 569 798 631 ferre
815 576 941 646 'merent
955 593 1045 632 unum
1065 576 1094 634 in

109 650 205 709 lunum
231 648 439 708 convenirent:
464 648 541 704 huno
568 665 632 704 esse
654 647 797 705 delectum
817 649 944 707 medium
970 651 1030 710 ferd
1053 673 1096 711 re·

108 729 227 805 gionum
252 746 363 793 earum,
391 745 462 802 ques
494 725 581 786 Suevi
605 725 789 784 obtinerent:
823 726 872 784 hie
898 728 1095 789 Romanorum

110 808 263 864 adventurn
276 815 452 881 exspectare,
467 813 551 878 atque
565 803 605 860 ibi
617 804 765 862 decertare
778 805 976 865 constituisse·
987 803 1094 885 (Quod
1109 791 1146 873 f'5

109 885 160 942 ubi
180 884 280 942 Cesar
301 883 448 958 comperit,
474 882 608 938 omnibus
634 881 679 942 his
699 883 784 940 rebus
807 885 954 953 sententis,
976 883 1094 961 quarum

109 982 206 1021 rerum
226 963 316 1024 causi
330 962 480 1019 traducere
501 961 659 1017 exereitum
679 962 874 1030 constituerat,
895 973 927 1020 ut
936 959 1095 1023 'Germanis

109 1053 222 1098 metum
230 1041 369 1114 injiceret,
384 1049 415 1096 ut
423 1038 587 1114 Sigambros
600 1038 794 1106 ulcisceretur,
805 1052 837 1098 ut
846 1039 935 1099 Ubios
947 1043 1095 1104 obsidione

110 1119 257 1186 liberaret,
266 1119 368 1174 diebus
377 1117 490 1198 ommno
503 1113 534 1174 X
544 1126 574 1172 et
584 1115 660 1173 VIII
674 1127 752 1174 trans
763 1118 900 1176 Rhenum
910 1122 1093 1198 oonsumptis,

110 1195 184 1254 satis
197 1207 227 1254 et
241 1197 277 1254 ad
290 1196 404 1252 laudem
417 1206 444 1252 et
461 1196 496 1252 ad
511 1194 661 1252 utilitatem
674 1196 832 1270 profestum
846 1198 1007 1267 arbitratus,
1020 1219 1050 1258 se
1064 1200 1094 1258 in
1112 1211 1146 1264 lo

110 1275 239 1334 Galliam
250 1275 367 1353 recepit,
380 1284 548 1349 pontemque
561 1273 686 1338 rescidit.
1008 1293 1017 1308 r

151 1353 222 1412 XX.
265 1353 379 1428 Exigua
404 1363 481 1426 parte
508 1351 614 1408 instatis
639 1351 756 1440 reliqui,
784 1354 892 1423 Cesar,
912 1356 967 1414 etsi
994 1356 1024 1414 in
1051 1355 1096 1414 his

111 1433 191 1504 loeis,
205 1429 283 1507 qudd
296 1429 389 1488 omnis
402 1429 496 1486 Gallia
510 1431 547 1486 ad
560 1430 765 1504 septentriones
778 1432 877 1509 vergit,
892 1445 1010 1492 maturae
1030 1445 1096 1493 sunt

17 1559 18 1566 ,
112 1511 240 1586 hyemes,
251 1521 347 1566 tamen
362 1509 391 1566 in
405 1507 584 1564 Britanniam
594 1507 735 1582 profluisei
749 1513 905 1580 contendit,
916 1512 992 1588 quod
1006 1514 1097 1572 omnI·
1200 1565 1206 1580 ,

113 1589 169 1646 bus
192 1587 251 1645 lere
271 1587 389 1644 Galliois
403 1585 498 1656 *bellis
524 1585 651 1644 hostibus
672 1587 774 1644 nostris
796 1588 862 1646 inde
884 1592 1097 1650 subministrata
1113 1598 1153 1655 15x

114 1667 224 1725 auxilia
242 1665 434 1740 intelligebat:
461 1671 499 1731 et,
514 1663 538 1722 si
551 1675 663 1739 tempus
685 1665 751 1721 anni
766 1667 800 1720 ad
821 1667 926 1724 bellum
938 1671 1096 1743 gerendum

113 1745 261 1816 delineret,
282 1753 376 1801 tamen
390 1761 496 1818 magno
517 1742 570 1799 sibi
584 1742 657 1816 usui¹
671 1743 730 1799 fore
743 1742 942 1811 arbitrabatur,
965 1746 989 1802 si
1009 1745 1095 1803 modo

112 1824 237 1882 insulam
259 1822 372 1888 adisset,
396 1839 488 1898 genus
512 1821 658 1878 hominum
678 1820 874 1896 perspexisset,
895 1821 968 1889 loen,
989 1833 1095 1898 portus,

112 1903 207 1960 aditus
228 1900 423 1976 eognovisset:
450 1918 513 1974 que
536 1897 712 1970 omniafere
734 1897 825 1956 Gallis
845 1910 927 1956 erant
940 1901 1116 1976 incognita.-

111 1980 215 2056 Neqne
236 1980 314 2036 enim
336 1988 442 2036 temere
463 1987 563 2052 praeter
585 1987 756 2034 mercatores
776 1976 826 2034 illd
845 1977 915 2034 adiit
937 1979 1094 2054 quisquam,
1111 1987 1148 2040 ao

111 2079 205 2134 neque
213 2059 250 2116 iis
257 2057 326 2133 ipsis
334 2056 498 2132 quidquam,
511 2066 612 2131 prater
623 2075 701 2114 oram
709 2055 890 2124 maritimam,
901 2067 983 2132 atque
994 2077 1043 2114 eas
1053 2077 1096 2115 re·

111 2138 222 2214 giones,
236 2147 300 2211 qu'ae
314 2145 380 2192 sunt
394 2146 493 2192 eontra
506 2133 624 2201 Gallias,
643 2144 741 2192 notum
754 2144 806 2191 est.
848 2135 957 2211 Itaque,
974 2137 1098 2194 evocatis

112 2217 148 2274 ad
163 2236 193 2272 se
207 2215 335 2289 undique
356 2211 571 2296 mercatoribus,
586 2232 677 2288 neque
695 2224 802 2288 quanta
812 2225 887 2272 esset
900 2215 1000 2273 insulse
1021 2235 1098 2292 mag-

111 2295 224 2362 nitudo,
251 2312 344 2368 neque
367 2311 430 2367 quae
440 2301 503 2363 ,mut
525 2302 637 2364 quanta
660 2291 791 2348 nationes
815 2292 981 2362 ineolerent,
1006 2293 1098 2370 neque

75 2373 82 2392 ⁸
150 2393 197 2432 em
222 2391 306 2428 usum
327 2371 394 2428 belli
418 2356 565 2436 hlberent,
591 2379 639 2426 aut
662 2369 765 2444 quibus
786 2370 921 2427 institutis
942 2383 1097 2442 uterentur,
1114 2381 1149 2432 25

175 2462 207 2508 'e
227 2449 276 2528 qui
300 2458 395 2506 essent
414 2449 453 2530 ιιι
472 2447 610 2522 majorum
633 2447 748 2504 nauium
769 2448 979 2506 multitudinem
1003 2451 1099 2509 idonei

214 2571 222 2596 ,
236 2527 359 2604 reperire
371 2535 489 2603 poterat.

236 2648 243 2662 .
278 2607 333 2674 ,Ad
348 2607 409 2662 haee
431 2605 641 2694 cognossenda
656 2602 734 2678 priris
747 2603 833 2680 quim
853 2603 1011 2678 perieulum
1024 2607 1101 2662 laee-

192 2685 317 2743 doneum
338 2704 400 2742 esse
423 2681 584 2752 arbitratus,
600 2683 635 2738 C.
650 2682 826 2756 Volusenum
847 2700 915 2737 eum
928 2681 994 2738 navi
1014 2681 1100 2758 longi
1182 2707 1186 2721 ·
1266 2687 1268 2694 '

202 2751 267 2835 istil.
294 2781 298 2790 ’
318 2762 396 2820 Huic
417 2762 543 2829 mandat,
557 2759 609 2827 uti,
631 2759 783 2836 exploratis
802 2759 934 2818 omnibus
954 2762 1101 2828 rebusad
1115 2768 1151 2822 30

107 2842 111 2851 “
204 2845 255 2916 fni
280 2838 404 2916 primum
428 2851 602 2898 revertatur:
633 2840 693 2915 ipse
717 2857 783 2896 oum
805 2839 939 2897 omnibus
962 2841 1050 2916 oopiir
1071 2841 1101 2899 in

191 2937 245 2978 nos
265 2917 464 2994 profieIsoitur,
486 2917 645 2992 quidinde
665 2928 727 2975 erat
745 2917 926 2976 brevissimus
939 2919 970 2975 in
992 2920 1103 2977 Britan·

117 2992 125 3005 ⁸
197 2998 358 3073 'trajectus
398 2997 466 3054 Hue
487 3016 573 3054 naves
587 2995 712 3070 undique
725 3015 762 3052 ex
781 2996 909 3071 finitimis
928 2996 1102 3073 regionibus,

111 3088 144 3138 et
168 3072 264 3154 qbnr
290 3075 433 3150 superiore
460 3086 556 3132 astate
575 3075 623 3130 ‘ad
650 3074 824 3132 Veneticum
851 3075 957 3132 bellum
987 3075 1101 3145 fenerat,

114 3156 236 3216 olassern
256 3155 339 3230 jubet
358 3153 520 3212 eonvenire.
561 3152 691 3220 Interim,
715 3153 835 3211 oonsilio
855 3154 917 3230 ejus
936 3155 1060 3232 cognito,
1075 3167 1104 3213 et
1118 3161 1152 3214 35

114 3253 164 3312 per
174 3242 350 3292 mercatores
357 3232 465 3308 perlato
479 3231 516 3288 ad
525 3231 686 3298 Britannos,
703 3232 921 3308 aeompluribus
931 3234 992 3312 equ
1003 3233 1102 3288 insula

114 3313 280 3370 civitatibus
304 3312 340 3368 ad
361 3330 427 3368 eum
450 3309 538 3384 legati
558 3309 686 3376 veniunt,
710 3310 759 3385 qui
781 3311 968 3387 polliceantur
988 3307 1103 3364 obsides

114 3393 195 3457 dare,
220 3401 306 3464 atque
328 3389 447 3464 imperio
466 3387 568 3462 Populi
589 3387 716 3444 Romani
735 3389 938 3464 obtemperare.
986 3385 1103 3446 Quibus

115 3469 231 3535 auditis,
256 3467 411 3525 liberaliter
431 3465 573 3542 pollicitus
596 3466 788 3540 hortatusque,
803 3477 835 3522 nt
855 3465 884 3520 in
904 3462 940 3520 eti
960 3465 1103 3524 sententid

114 3556 327 3623 permanerent,
341 3565 391 3604 eos
401 3547 517 3602 domurn
527 3543 665 3613 remittit;
686 3555 791 3602 etcum
805 3543 849 3599 his
860 3539 918 3598 unt
929 3541 1102 3614 Commium,
1119 3549 1153 3604 40

115 3643 206 3700 quem
226 3625 296 3700 ipse,
325 3623 511 3682 Atrebatibus
537 3622 686 3697 superatis,
716 3639 813 3696 regern
840 3619 880 3676 ibi
907 3621 1102 3690 constituerat,

113 3703 204 3777 eujus
223 3713 249 3760 et
262 3704 395 3781 virtutem
409 3712 438 3760 et
452 3700 603 3758 eonsilium
615 3699 762 3775 probabat,
776 3709 805 3756 et
824 3717 909 3774 quem
923 3699 977 3756 sibi
991 3701 1103 3757 fidelem
1171 3719 1189 3784 ι

115 3781 317 3847 arbitrabatur,
349 3780 486 3856 cujusque
513 3778 667 3836 auotoritas
700 3777 729 3834 in
756 3775 791 3834 iis
817 3777 981 3854 regionibus
1007 3779 1103 3852 magni

114 3859 287 3928 habebatur,
301 3858 396 3916 mittit.
438 3856 518 3914 Huie
532 3856 661 3931 imperat,
672 3873 742 3930 quas
754 3855 852 3932 possit,
868 3857 951 3913 adeat
965 3855 1103 3920 eivitates,
