2590 4424
147 321 186 382 dd
505 324 554 374 DE
570 321 686 374 BELDO
703 319 862 375 caturco

124 539 125 544 ἵ
196 466 349 528 Vocatium
371 477 401 524 et
421 465 606 526 Tarusatium
623 469 831 544 prosectusest
874 463 952 521 Tum
974 463 1042 522 verb
1066 463 1188 527 barbari

195 547 339 615 commoti,
362 544 439 621 qudd
460 543 615 622 oppidum,
626 556 655 604 et
672 544 774 602 naturb
794 542 851 601 loci
870 553 900 600 et
919 561 1006 600 manu
1026 545 1186 615 munitium,

194 624 294 698 paucis
315 624 427 692 diebus,
441 624 544 699 quibus
564 622 600 682 eb
613 633 729 680 ventum
747 633 819 688 erat,
833 632 1027 697 expugnatum
1040 641 1188 698 cognore-

194 713 268 770 rant,
281 703 391 780 legatos
409 719 619 778 quoquoversus
632 701 783 780 dimittere,
798 700 957 776 conjurare,
970 699 1088 757 obsides·
1105 701 1186 761 iuter

162 786 225 838 bae
245 782 324 850 dare,
346 781 443 858 copias
462 799 562 858 parare
586 790 743 856 coeperunt.
785 777 939 836 Mittuntur
962 777 1048 835 etiam
1070 780 1107 837 ad
1130 801 1185 840 eae

194 859 323 918 civitates
342 860 514 937 legatique
528 871 595 918 sunt
614 859 754 917 citerioris
767 857 925 933 Hispaniae,
947 855 1076 914 finitimae
1088 859 1185 934 Aqui·

194 938 298 995 tanin:
321 939 388 996 inde
402 938 508 996 auxilia
521 940 666 1014 ducesque
681 946 870 995 arcessuntnr.
910 935 1044 996 Quorum
1055 936 1183 996 adventu

193 1018 380 1094 magniacum
404 1017 572 1076 auctoritate
586 1028 616 1075 et
629 1019 734 1093 magnd
754 1034 821 1096 curn
835 1014 982 1072 hominum
995 1013 1180 1080 multitudine

194 1093 300 1152 bellum
313 1114 412 1172 gerere
431 1107 580 1154 conantur.
629 1091 807 1152 Ducerverd
829 1093 850 1150 ii
870 1092 1043 1168 deligtmtur,
1057 1093 1107 1168 qui
1120 1095 1181 1156 und

145 1177 179 1230 10
193 1191 259 1230 cnm
272 1173 313 1236 Q
329 1175 455 1233 Sertorio
467 1193 567 1234 omnes
580 1193 669 1232 annos
683 1174 804 1238 fuerant,
819 1191 1013 1247 summamque
1027 1172 1180 1232 scientiam

192 1252 234 1309 rei
248 1254 378 1312 militaris
388 1256 494 1313 habere
504 1252 747 1312 existimabantur.
789 1249 840 1316 Hi,
855 1250 1062 1308 consuetudine
1076 1251 1180 1328 Populi

193 1329 330 1402 Romani,
354 1334 418 1390 loca
438 1350 550 1408 capere,
578 1339 671 1391 canta
693 1328 815 1396 munire,
837 1329 1044 1386 commeatibus
1066 1342 1179 1391 nostros

193 1408 382 1467 intercludere
416 1409 575 1465 instituunt.
627 1405 716 1468 Quod
742 1407 792 1464 ubi
818 1405 940 1464 Crassus
967 1407 1177 1479 animadvertit,

192 1503 258 1542 suas
276 1488 373 1561 copias
391 1496 504 1560 propter
517 1485 703 1561 exiguitatem
717 1504 775 1543 non
796 1485 880 1542 facile
894 1486 1001 1555 diduci;
1023 1487 1134 1546 hostem
1147 1500 1179 1548 et

143 1567 178 1619 15
193 1563 298 1636 vagari,
307 1573 336 1620 et
347 1564 407 1620 vias
419 1563 560 1632 obsidere,
574 1574 604 1622 et
617 1558 931 1640 castris'eatii'prasidii
939 1562 1119 1640 relinqueret
1139 1568 1178 1626 ob

191 1658 256 1697 eam
269 1659 386 1698 oausam
400 1640 497 1700 minius
510 1641 659 1701 commode
674 1645 847 1702 frumentum
861 1653 1108 1720 commeatumque
1121 1645 1178 1704 sibi

192 1720 367 1796 supportari;
388 1719 419 1777 in
440 1721 502 1780 dies
515 1722 638 1781 bostium
658 1741 809 1782 numemm
824 1724 941 1800 augeri3
961 1742 1019 1782 non
1037 1735 1178 1800 cunctan-

192 1798 260 1855 dum
271 1799 451 1868 existimavit,
460 1802 529 1878 quin
537 1803 635 1879 pugni
645 1803 811 1860 decertaret.
853 1801 921 1860 Htc
931 1821 962 1860 re
974 1802 1178 1862 mansilium

191 1876 296 1949 delati,
317 1878 367 1935 ubi
392 1899 492 1938 omues
517 1881 595 1939 idem
622 1881 734 1949 sentire*
753 1879 901 1949 intellexit,
927 1889 1072 1956 posterum
1098 1882 1178 1940 diem

139 1959 176 2016 2⁰
190 1975 294 2034 pugne
312 1959 467 2017 constituit.
1045 2010 1050 2015 ,

230 2034 344 2094 xxiv.
385 2037 482 2096 Prima
508 2039 582 2107 luce,
609 2039 754 2115 productis
780 2040 913 2097 omnibus
939 2038 1038 2114 copiis,
1066 2040 1179 2116 duplici

52 2153 58 2174 .
129 2141 131 2143 ·
192 2114 254 2171 acie
267 2115 406 2184 instituti,
422 2117 575 2174 auxiliisin
589 2118 714 2174 mediam
729 2117 820 2174 aciem
834 2116 982 2190 conjectis,
997 2117 1065 2189 qnid
1079 2119 1178 2176 hostes

190 2192 302 2272 consilii
312 2204 457 2270 caperent,
466 2196 658 2270 exspectabat.
699 2193 755 2262 llli,
764 2195 818 2252 etsi
828 2203 940 2271 propter
949 2193 1176 2266 multitudinem,

190 2278 219 2326 et
238 2281 363 2330 veterem
384 2273 451 2330 belli
474 2271 603 2348 gloriam,
624 2272 853 2348 paucitatemque
874 2280 1042 2336 nostrorum,
1064 2289 1095 2328 se
1111 2273 1176 2334 tuti>

91 2362 94 2375 ·
138 2351 173 2405 25
188 2346 373 2408 dimicaturos
399 2351 609 2420 existimabant,
636 2361 733 2408 tamen
754 2349 843 2408 tutius
868 2367 931 2406 esse
953 2346 1174 2421 arbitrabantur,

188 2426 310 2486 obsessis
328 2429 390 2498 viis,
405 2439 566 2488 commeatu
587 2429 751 2498 intercluso,
765 2429 827 2488 sine
847 2428 906 2486 ullo
918 2427 1035 2486 vulnere
1055 2427 1175 2488 victorii
1204 2433 1207 2438 '

188 2495 271 2594 potiri
284 2519 348 2576 ret,
371 2508 399 2564 si'
415 2519 529 2585 propter
549 2509 675 2586 inopiam
695 2509 737 2567 rei
758 2507 950 2567 frumentaria
964 2506 1091 2566 Romani
1111 2527 1174 2566 aeae

188 2601 314 2659 recipere
341 2587 504 2663 coepissent,
532 2588 683 2665 impeditos
708 2589 740 2647 in
767 2588 881 2665 agmine
908 2597 937 2644 et
963 2586 1016 2644 sub
1043 2586 1172 2660 sarcinis,
1273 2645 1274 2662 ἢ

189 2660 336 2721 inferiores
350 2666 454 2736 animo,
467 2668 571 2727 adoriri
585 2668 758 2745 cogitabant.
800 2665 867 2724 Hoc
879 2663 1123 2740 consilioprobato
1137 2666 1173 2724 ab
1273 2699 1274 2712 κ

138 2743 174 2798 30
188 2741 318 2811 ducibus,
333 2746 478 2820 productis
498 2745 699 2803 Romanorum.
717 2743 816 2819 copiis,
830 2761 893 2800 sese
913 2743 1015 2800 castris
1027 2745 1171 2802 tenebant.

188 2813 255 2877 Hic
280 2841 312 2879 re
337 2823 497 2898 perspecti,
524 2823 656 2902 Crassus,
682 2841 770 2896 quum
796 2821 848 2878 sat
874 2821 1058 2888 cunctatione
1089 2833 1172 2899 atqua

187 2899 321 2975 opinione
354 2899 510 2959 timidiores
543 2900 647 2969 hostes,
674 2909 785 2957 nostros
816 2899 921 2958 milites
955 2901 1106 2960 alacriores
1137 2902 1173 2960 ad

187 2981 375 3055 pugnandum
408 2978 579 3046 effecissent,
602 2989 698 3055 atque
723 2978 851 3037 omnium
878 2998 963 3038 voces
996 2979 1171 3048 audirentur,

188 3061 347 3133 exspectari
361 3059 467 3117 diutius
480 3076 537 3116 non
558 3069 696 3134 oportere,
711 3058 780 3134 quin
794 3057 830 3115 ad
851 3067 945 3116 castra
955 3058 1052 3126 iretur,
1074 3060 1174 3117 cohor·
1273 3083 1274 3088 ¹

137 3135 173 3190 35
187 3143 263 3192 tatus
277 3155 353 3206 suos,
367 3137 499 3196 omnibus
512 3137 705 3212 cupientibus,
720 3137 756 3195 ad
769 3135 894 3196 bostium
907 3148 1001 3196 castra
1013 3138 1170 3196 contendit.
1198 3207 1206 3218 ι
1273 3145 1274 3170 ¹

213 3209 326 3272 XXV.
368 3215 413 3273 Ibi
436 3233 523 3290 quum
546 3215 594 3274 alii
608 3216 697 3274 fossas
720 3215 905 3290 complerent,
928 3216 976 3275 alii
991 3214 1088 3272 multis
1109 3215 1173 3273 telis

187 3293 325 3370 conjectis
337 3295 500 3354 defensores
513 3293 588 3353 vallo
607 3293 867 3370 munitionibusque
882 3295 1064 3371 depellerent,
1084 3293 1173 3349 auxil-

186 3369 326 3448 iaresque,
341 3366 443 3451 quibus
456 3375 492 3432 ad
510 3392 636 3450 pugnam
650 3391 708 3432 non
721 3371 843 3432 multllm
857 3373 979 3432 Crassus
998 3369 1171 3434 confidebat.

186 3445 329 3522 lapidibus
354 3455 472 3530 telisque
497 3452 755 3532 subminiegrandis,
782 3463 811 3510 et
838 3453 874 3512 ad
901 3469 1033 3530 aggerem
1059 3450 1172 3525 cespiti·

136 3526 171 3580 to
186 3523 239 3581 bus
253 3533 473 3604 comportandis,
487 3532 613 3610 speciem
626 3542 709 3607 atque
721 3530 885 3608 opinionem
899 3527 1087 3608 pugnantium
1100 3549 1172 3608 pre-

186 3603 295 3673 b0¹0¹¹t2
322 3627 410 3682 quum
433 3613 502 3670 item
526 3612 561 3670 ab
586 3610 715 3670 hostibus
740 3621 902 3668 constanter
929 3627 963 3666 ac
989 3625 1047 3665 nou
1071 3607 1171 3669 timide

185 3695 369 3759 pugnaretur,
401 3691 513 3766 telaque
540 3711 576 3749 er
605 3690 669 3748 loco
696 3689 840 3767 superiore
867 3687 954 3750 missa
981 3705 1040 3744 non
1068 3686 1171 3748 uusut

187 3762 370 3834 acciderent3
391 3769 510 3841 equites,
522 3768 679 3828 circumitis
693 3768 817 3826 hostium
830 3766 940 3833 castris,
952 3765 1057 3824 Crasso
1066 3783 1171 3824 renun-

187 3840 342 3912 ciaverunt,
363 3843 448 3902 ‘Non
470 3846 574 3908 eidem
593 3845 656 3904 esse
679 3845 829 3922 diligenti&
850 3833 895 3902 ab'
908 3845 1069 3904 decumana
1088 3845 1170 3920 pont

135 3926 171 3980 45
187 3931 280 4002 castra
292 3922 412 3991 munita,
427 3923 596 4000 facilemque
610 3925 718 3982 aditum
732 3922 856 3982 habere.¹
