2564 4422
152 433 207 502 psa
516 423 693 484 ocaeano
711 423 871 476 uranico

193 585 382 722 atrab}
403 575 602 726 'trusit
621 579 747 704 ffi'
759 568 989 722 ttl'trfflltt
1002 587 1147 725 ffi

193 725 325 795 crimine,
340 730 389 805 qui
403 747 448 802 me
460 726 561 784 mediis
575 725 792 802 interposuerim
806 724 931 783 cesaris
943 723 1052 800 scriptis.
1086 729 1150 788 Con·

191 813 247 860 nt
259 807 342 864 anim
363 809 435 864 inter
446 822 554 874 omnes,
569 803 640 862 nihil
654 815 713 860 tam
732 802 903 878 operosb'ab
922 801 984 860 aliis
996 822 1050 861 esse
1061 807 1152 882 perfec.

167 891 265 952 btum‚
280 887 357 963 quod
371 901 426 944 non
439 883 539 940 horum
552 879 698 957 elegantib
711 880 990 939 Commentariorum
1010 895 1152 958 supereum

192 963 244 1039 qui
254 977 323 1024 sunt
332 963 408 1028 editi,
420 979 456 1016 ne
464 958 737 1018 scientiatantarum
751 979 845 1030 rerum
854 958 1035 1036 scriptoribus
1047 963 1155 1023 deesset:

196 1043 327 1120 adeoque
339 1040 490 1117 probantur
502 1037 632 1097 omnium
644 1037 764 1114 judicio,
777 1049 810 1096 ut
816 1050 966 1115 praerepta‚
981 1056 1036 1096 non
1048 1044 1156 1116 praebita,

197 1121 318 1179 laosrltas
330 1116 512 1193 scriptoribus
521 1118 660 1176 vltleatttr.
701 1106 794 1194 Cujus
807 1124 904 1178 tamen
918 1117 959 1174 rel
973 1117 1057 1193 major
1068 1133 1159 1192 nnana,

196 1197 281 1276 quim
304 1197 484 1270 reliquorum,
508 1207 553 1255 est
574 1196 740 1256 admiratio:
769 1197 866 1254 ceteri
887 1196 975 1264 enim,
999 1195 1078 1271 quim
1098 1199 1161 1260 bene

158 1285 280 1353 ibatque
300 1272 462 1343 emendate,
486 1295 539 1334 nos
556 1275 653 1344 etiam,
667 1273 752 1351 quiam
777 1273 862 1333 facile
884 1286 968 1350 atque
981 1274 1102 1336 celeriter
1121 1299 1163 1338 eos

196 1353 352 1433 perfecerit,
380 1353 497 1412 scimus.
551 1355 622 1413 Erat
648 1365 744 1412 autem
771 1354 801 1412 in
828 1353 943 1411 Caesare
968 1351 1035 1412 calm
1059 1355 1165 1416 facultas

197 1445 278 1510 atque
306 1431 451 1508 elegantia
481 1451 594 1492 summa
616 1433 771 1502 scribendi,
802 1444 863 1492 turn
887 1431 1034 1490 verissima
1058 1433 1169 1495 scientia
1240 1479 1244 1490 .

195 1529 307 1570 auorum
328 1511 779 1588 consiliorum'explicandorum.
821 1510 896 1568 Mihi
917 1527 955 1569 ne
977 1511 1045 1568 illud
1062 1513 1170 1588 quidem
1240 1549 1243 1556 =

196 1589 309 1658 accidit,
336 1601 368 1648 nt
391 1591 589 1650 Alexandrino
613 1602 696 1666 atque
723 1590 862 1648 Africano
892 1589 968 1648 bello
997 1589 1169 1651 interessem:

156 1677 256 1745 ltquoe
276 1667 352 1726 bolla
371 1688 535 1746 quanquam
556 1681 692 1750 exparte
716 1669 799 1728 nobis
819 1669 943 1727 Caesaris
964 1687 1091 1728 sermone
1112 1681 1173 1730 sunt

195 1758 279 1817 nota;
300 1755 397 1805 tamen
412 1748 492 1807 aliter
506 1750 638 1807 audimus
651 1767 696 1818 ea,
710 1765 773 1825 quaa
787 1765 881 1806 rerum
893 1746 1018 1806 novitate
1033 1759 1080 1806 aut
1092 1747 1175 1808 admi·

196 1826 303 1884 ratione
316 1845 370 1885 uos
388 1827 515 1904 capiunt,
531 1828 622 1901 aliter,
635 1847 698 1904 quc
719 1845 770 1904 pro
782 1826 945 1886 testimonio
957 1845 1056 1886 sumus
1069 1825 1175 1886 dicturi.

154 1903 158 1912 '
197 1903 283 1962 Sada
303 1923 321 1962 o
342 1907 488 1974 nimirum,
503 1909 572 1965 dum
585 1925 685 1965 omues
698 1905 890 1964 excusationis
902 1923 1006 1966 causas
1019 1905 1130 1984 colligo,
1142 1925 1178 1966 ne

196 2001 261 2042 cum
299 2003 388 2043 assare
398 1987 539 2054 conferor,
555 1987 610 2044 hoc
621 1986 682 2062 ipso
691 1984 801 2043 crimen
813 1984 981 2060 arrogantie
995 1985 1094 2054 subeo,
1106 1983 1180 2062 quta
1274 1993 1277 2054 Ν

152 2065 249 2200 ἣξει
249 2058 358 2138 judicio
365 2065 534 2141 cujusquam
544 2064 704 2124 existimem
717 2081 800 2140 posse
810 2075 877 2122 cum
891 2061 1007 2120 Caesare
1015 2064 1181 2142 comparari.
1277 2064 1280 2128 Ν

251 2160 276 2198 θ,
1049 2169 1053 2178 ,

158 2366 161 2374 Ι
234 2297 258 2356 Ι.
299 2297 387 2356 Onam
410 2298 507 2357 Gallia
533 2296 656 2365 devicta,
678 2297 776 2356 Caesar
802 2317 890 2374 quum
915 2297 1061 2375 superiore
1089 2309 1187 2358 estate

194 2375 306 2434 nullum
324 2377 449 2435 bellandi
463 2387 575 2454 tempus
591 2375 798 2445 intermisisset,
813 2377 971 2452 militesque
992 2379 1188 2454 hybemorum

118 2451 122 2456 ’
150 2454 290 2530 &quiete
314 2456 432 2514 reticere
459 2475 476 2514 a
499 2455 587 2513 tantis
609 2453 754 2515 laboribus
777 2455 878 2525 velletr
902 2456 1063 2532 complures
1084 2458 1195 2516 eodem·

193 2543 321 2610 tempore
335 2534 465 2593 civitates
485 2553 621 2594 renovare
642 2533 709 2593 belli
729 2534 850 2593 consilis
872 2534 1098 2605 nunciabantur,
1121 2555 1192 2594 cou-

192 2611 404 2689 jurationesque
419 2614 522 2672 iacere.
564 2613 655 2689 Cujus
673 2613 715 2672 rei
728 2611 889 2672 verisimilis
901 2632 990 2672 causa
1004 2614 1193 2682 afferebatur,

194 2689 271 2765 quod
292 2691 384 2750 Gallis
396 2693 530 2752 omnibus
551 2692 698 2768 cognitum
716 2701 801 2758 esset,
816 2707 908 2767 neque
922 2692 1196 2764 ullimultitudinc,

194 2767 225 2826 iu
239 2789 330 2828 uuum
342 2771 438 2828 locum
449 2772 560 2837 coacti,
574 2771 668 2828 resisti
680 2791 762 2847 posse
776 2769 937 2840 Romanis3
958 2790 1023 2838 nec,
1033 2770 1058 2828 si
1072 2769 1197 2828 diversa

149 2849 185 2904 3⁰
195 2845 270 2912 bella
283 2849 443 2925 complures
453 2850 553 2906 eodem
567 2859 624 2906 tem
663 2868 694 2905 re
708 2849 828 2908 inissent
841 2848 981 2916 civitates,
992 2848 1059 2906 satis
1074 2847 1197 2915 auxilii,

195 2927 351 3064 llll?
367 2938 417 2985 ‘¹¹¹‘
429 2927 576 3064 mitti?
589 2923 1202 3065 'lli‘lfflili⁰lilli¹iiillo¹³ss¹ii¹l

194 3025 582 3152 incommodl'ierilisandam
597 3084 621 3143 si
634 3084 685 3144 tali
698 3086 777 3146 mori
791 3083 906 3162 reliqua
921 3095 1036 3191 possent
1050 3103 1082 3142 se
1095 3082 1202 3142 vindi-

194 3180 262 3220 care
276 3163 306 3220 in
320 3163 489 3222 libertatem.
560 3207 563 3216 .
822 3195 828 3205 -

148 3241 184 3295 35
234 3239 275 3298 II.
316 3241 393 3304 Quae
416 3261 454 3299 ne
473 3240 571 3316 opinio
593 3241 741 3300 Gallorum
768 3241 994 3310 confirmaretur,
1018 3241 1119 3318 Cesar
1149 3237 1201 3296 M.

196 3319 355 3378 Antonium
369 3330 537 3396 quaestorem
551 3317 610 3376 suia
629 3319 748 3395 preficit
763 3320 914 3396 hybernis:
936 3321 1006 3397 ipse,
1021 3339 1089 3378 cum
1107 3317 1204 3394 equi·

177 3397 271 3468 ptanla
284 3399 426 3474 prasidio,
439 3397 531 3477 pridie
552 3395 617 3456 Kal.
632 3397 786 3458 Ianuarias
799 3399 836 3460 ab
845 3400 950 3477 oppido
971 3399 1107 3457 Bibracte
1126 3415 1205 3474 pro·

193 3474 332 3534 ficiscitur
359 3480 396 3537 ud
428 3478 570 3556 legionem
598 3476 687 3546 XIII,
714 3498 799 3554 quam
826 3497 884 3539 non
915 3476 1001 3554 longe
1029 3497 1047 3536 a
1080 3475 1206 3536 linibus

194 3553 356 3614 AErluorum
378 3559 565 3617 collocaverat
585 3555 615 3614 iu
637 3556 742 3615 finibus
760 3555 931 3634 Biturigum,
949 3555 1033 3632 eique
1055 3551 1207 3632 adjungit

149 3631 338 3712 ablegionem
364 3634 421 3704 XI,
448 3656 520 3714 quae
544 3635 672 3712 proxima
699 3636 798 3696 fuerat.
849 3635 932 3693 Binis
957 3635 1126 3694 cohortibus
1158 3631 1207 3692 ad

195 3707 401 3790 impedimenta
410 3716 518 3774 tuenda
531 3714 647 3782 relictis,
661 3714 801 3792 reliquum
809 3714 967 3773 exercitum
982 3713 1012 3771 iu
1025 3711 1207 3790 copiosissi-

196 3809 260 3852 mos
274 3813 355 3874 agrm
373 3791 532 3868 Biturigum
555 3793 684 3852 inducit:
706 3795 764 3870 qui,
778 3813 865 3870 quum
886 3791 959 3849 latos
972 3793 1045 3851 lines
1065 3803 1095 3850 et
1109 3809 1207 3850 com-

175 3935 181 3946 ,
196 3872 283 3947 plura
293 3871 394 3952 oppida
414 3869 562 3938 haberent,
578 3873 663 3929 unius
674 3872 796 3948 legionis
820 3869 955 3960 hybernis
968 3889 1026 3929 non
1041 3865 1207 3946 potuerint

19 3971 23 4026 Ν
198 3953 350 4026 contineri,
362 3947 430 4026 quin
443 3943 549 4001 bellum
562 3958 695 4021 pararent
708 3950 974 4025 conjurationesque
988 3948 1125 4006 lacerent.

21 4027 25 4107 Ν
