2590 4424
456 301 565 368 tram
579 295 777 358 succubus.

418 641 474 702 DE
493 642 625 702 BBLID
644 629 845 701 uamlco‘

533 857 646 912 LIBBB
665 811 701 917 B.

166 1009 191 1068 l,
230 1009 329 1072 Quum
347 1017 424 1066 esset
435 1007 533 1064 Cesar
553 1003 582 1061 in
603 1005 734 1062 citeriore
746 1003 842 1062 Gallis
861 1005 891 1062 in
905 1005 1048 1082 bybemis,
1069 1006 1110 1065 ita

127 1089 170 1146 uti
180 1087 266 1164 supra
273 1085 536 1149 demonstravimus,
547 1083 640 1140 crebri
652 1084 688 1140 ed
698 1101 764 1139 eum
772 1101 900 1140 rumores
909 1083 1107 1153 afferebantur,

127 1167 273 1240 literisque
296 1166 364 1222 item
386 1163 506 1220 Labieni
529 1161 633 1218 certior
653 1161 750 1228 fiebat,
771 1180 870 1218 omues
890 1161 1003 1236 Belgas,
1024 1181 1110 1238 quarn

126 1245 241 1302 tertiam
250 1263 314 1300 esse
326 1241 427 1299 Galliae
434 1251 543 1315 partem
557 1239 729 1306 dixeramus,
740 1248 840 1296 contra
849 1239 987 1314 Populum
1002 1239 1109 1298 Boma-

126 1339 197 1380 num
210 1322 369 1396 conjurare,
382 1319 551 1392 obsidesque
562 1317 635 1373 iuter
649 1337 679 1373 se
692 1317 779 1374 dare:
800 1317 969 1392 conjurandi
983 1318 1034 1375 has
1046 1337 1109 1376 csse
1135 1329 1154 1382 5

126 1418 247 1458 causas:
268 1395 400 1476 primurn,
411 1395 488 1472 qubd
502 1405 676 1461 vererentur,
690 1414 737 1461 ne,
750 1396 829 1452 omni
841 1396 944 1471 pacatis
955 1395 1060 1464 Galliis,
1072 1397 1108 1454 ad

127 1495 177 1535 eos
194 1478 335 1536 exercitus
348 1475 444 1533 noster
465 1474 673 1531 adduceretur:
694 1473 808 1540 deinde,
821 1473 897 1547 qubd
917 1473 953 1530 ab
966 1474 1109 1532 nonnullis

127 1555 219 1612 Gallis
244 1546 471 1621 sollicitarentur,
497 1550 600 1626 partim
623 1551 682 1624 qui,
706 1560 738 1607 ut
763 1553 923 1608 Germanos
946 1553 1052 1610 diutius
1078 1553 1108 1610 in

128 1632 225 1690 Gallia
244 1631 349 1696 versari
369 1631 527 1696 noluerant,
549 1629 589 1686 ita
607 1629 706 1704 Populi
721 1629 847 1686 Romani
866 1630 1023 1687 exercitum
1041 1633 1108 1705 hyc-

128 1727 208 1767 mare
222 1719 305 1784 atque
323 1709 529 1765 inveterascere
549 1706 579 1763 in
591 1707 686 1764 Galliai
699 1705 817 1764 moleste
838 1707 985 1779 ferebant3
1005 1708 1108 1782 partim
1119 1717 1153 1770 10

115 1779 177 1863 :qui
191 1787 347 1844 mobilitate
366 1795 397 1842 et
409 1785 522 1858 levitate
536 1785 623 1856 enimi
641 1785 722 1842 novis
735 1784 860 1860 imperiis
880 1785 1050 1850 studebant:
1065 1786 1109 1862 ab

127 1865 272 1924 nonnullis
285 1864 382 1931 etiam,
396 1853 473 1938 thid
493 1863 522 1919 in
536 1863 631 1920 Gallid
645 1883 662 1920 a
674 1863 879 1939 potentioribus
893 1873 976 1936 atque
992 1863 1045 1931 his,
1057 1851 1108 1938 iqui
1125 1912 1128 1925 ,

116 1944 164 2021 'ad
187 1943 391 2001 conducendos
414 1941 543 2000 homiues
565 1942 715 1998 facultates
738 1941 891 2007 habebant,
914 1939 999 2016 vulgo
1019 1942 1131 2018 regna'

111 2019 351 2097 “occupabantuu
364 2020 413 2096 qui
423 2018 520 2078 minias
529 2018 614 2077 facile
627 2039 692 2077 cam
706 2038 765 2076 rem
774 2018 804 2075 in
813 2013 931 2094 imperio
938 2030 1033 2076 nostro
1041 2039 1108 2076 con-

14 2115 19 2124 ’
127 2101 208 2174 sequi
220 2109 359 2178 poterant.
1119 2107 1153 2160 15

168 2177 209 2235 ΙΙ.
249 2177 291 2234 Iis
303 2176 418 2234 nunciis
437 2175 582 2251 literisque
602 2186 760 2234 commotus
778 2175 876 2233 Cesar
895 2176 968 2234 duas
982 2175 1109 2252 legiones

128 2255 159 2312 in
184 2256 315 2314 citeriore
339 2254 436 2314 Gallis
460 2273 549 2312 novas
573 2254 761 2330 conscripsit3
795 2265 825 2311 et
850 2253 921 2310 iniat
947 2265 1053 2322 estate,
1078 2255 1109 2312 in

79 2388 83 2394 ,
128 2332 292 2391 interiorem
303 2333 427 2390 Galliam
445 2333 494 2407 qui
507 2332 672 2400 deduceret,
684 2333 726 2394 Q.
745 2332 865 2389 Pedium
884 2332 1009 2408 legatum
1022 2332 1108 2395 misit,

128 2411 206 2487 lpse,
220 2430 308 2485 quurn
320 2409 445 2486 primirm
456 2409 554 2485 pabuli
567 2411 650 2486 copia
662 2429 724 2467 esse
738 2411 885 2486 inciperet,
900 2412 936 2468 ad
951 2411 1109 2470 exercitum

128 2489 207 2546 venit
218 2509 227 2558 3
248 2488 298 2544 dat
309 2488 455 2562 negotium
466 2488 628 2544 Senonibus
640 2489 809 2564 reliquisque
821 2489 922 2556 Gallis,
936 2490 984 2563 qui
995 2489 1107 2546 finitimi
1117 2495 1153 2549 20

128 2566 227 2641 Belgis
249 2575 340 2632 erant,
365 2561 406 2622 uti
425 2584 474 2633 ea,
493 2583 556 2640 quae
579 2567 654 2641 apud
676 2585 726 2624 eos
744 2578 888 2644 gerantur,
912 2578 1107 2642 cognoscant3

127 2663 216 2718 seque
229 2645 266 2700 de
279 2643 324 2701 bis
343 2644 430 2700 rebus
442 2643 592 2701 certiorem
613 2643 727 2702 saciant
769 2645 809 2702 Hi
829 2655 991 2706 constanter
1008 2663 1108 2702 omnes

128 2722 336 2780 nunciaverunt
356 2741 460 2779 manus
471 2721 546 2798 cogi,
557 2723 714 2781 exercitum
727 2723 757 2780 in
770 2742 859 2780 unum
870 2723 964 2780 locum
974 2723 1106 2780 conduci.

128 2799 208 2858 'Pam
225 2799 292 2858 verb
312 2800 501 2858 dubitandum
514 2819 572 2858 non
595 2801 774 2868 existimavit,
787 2802 856 2876 quin
871 2802 907 2858 ad
924 2821 973 2858 cos
988 2799 1108 2880 [duode-

127 2879 205 2936 cimo
226 2880 288 2958 die]
312 2879 548 2953 proficisceretur.
589 2879 636 2936 Re
663 2880 847 2937 frumentarii
869 2879 990 2956 provisi,
1014 2885 1152 2938 castra25

127 2967 231 3024 movet,
245 2955 400 3030 diebusque
419 2957 535 3014 circiter
546 2957 711 3032 quindecim
732 2959 768 3015 ad
781 2957 854 3015 srnes
873 2957 1026 3034 Belgarum
1045 2975 1108 3034 per·

128 3035 215 3092 venit.
730 3045 734 3060 ¹

167 3111 225 3170 111.
265 3111 311 3170 Ee
333 3129 422 3188 quum
444 3113 481 3168 de
501 3112 659 3189 improviso,
680 3111 857 3189 celerilrsque
877 3114 955 3173 omni
974 3113 1108 3191 opinione

127 3190 260 3258 venisset,
281 3189 379 3258 Remi,
391 3191 441 3266 qui
460 3191 581 3266 proximi
600 3191 701 3250 Guliae
721 3211 758 3248 ex
777 3193 874 3270 Belgis
894 3204 969 3260 sunt,
986 3194 1022 3249 ad
1041 3211 1108 3248 eum

127 3267 236 3344 legatos
259 3267 371 3326 Iccium
391 3279 421 3326 et
441 3268 659 3345 Antobrogium,
676 3269 787 3362 primos
805 3272 937 3338 civitatis,
960 3269 1152 3337 miserenum

93 3347 328 3422 atquirdioerent,
343 3347 403 3404 ‘Se
415 3365 522 3422 suaque
541 3349 637 3406 omnia
651 3348 681 3406 in
695 3348 781 3406 fidem
800 3360 883 3424 atque
897 3349 926 3403 in
940 3356 1108 3420 potestatem

128 3423 228 3499 Populi
254 3425 384 3483 Romani¹
401 3425 584 3500 permittere3
614 3445 706 3501 neque
732 3447 763 3484 se
786 3446 853 3484 cum
873 3424 988 3498 reliquis
1011 3425 1108 3504 Belgis

128 3503 315 3572 consensisse,
337 3521 430 3578 neque
450 3513 550 3560 contra
568 3503 708 3580 Populum
721 3505 886 3562 Romanum
905 3503 1023 3562 omnino
1040 3525 1108 3563 con·

125 3578 254 3656 jurene:
275 3593 443 3658 paratosque
460 3599 524 3639 esse
543 3591 573 3640 et
584 3583 698 3640 obsides
717 3585 786 3641 dare
805 3591 836 3638 et
855 3581 992 3659 imperata
1012 3583 1107 3640 lacere

38 3707 48 3733 x
127 3667 158 3715 et
183 3658 293 3732 oppidis
313 3659 451 3736 recipere,
477 3669 508 3718 et
529 3657 671 3719 frumento
694 3659 860 3734 ceterisque
882 3661 968 3718 rebus
988 3662 1150 3736 juvare235

127 3735 251 3810 reliquos
262 3755 360 3796 omnes
380 3738 485 3815 belgas
505 3737 536 3796 in
549 3739 635 3796 armis
646 3757 729 3797 esse:
755 3737 980 3815 Germanosque,
995 3739 1043 3814 qui
1064 3738 1106 3797 cis

126 3813 267 3874 Rhenum
279 3815 416 3886 incolunt,
429 3832 493 3956 agea
511 3833 580 3876 curn
592 3817 637 3876 bis
655 3815 1027 3895 conjunxissetcnturnque
1044 3836 1106 3875 esse
