2564 4422
162 357 202 433 t's
524 357 900 444 osennmcmmcoj.

210 533 277 572 cum
295 501 438 571 Cicerone
459 513 583 590 hyemat,
601 511 745 582 interfici;
764 531 796 570 se
818 513 854 570 ad
875 529 940 568 eam
959 510 1029 568 rem’
1050 508 1195 587 promam

138 658 143 670 Ι
201 592 385 669 ‘adjutoremss
427 590 527 650 facile
541 591 737 650 bicoratioue
751 589 868 648 Nerviis
880 589 1038 679 persuadet.

230 670 398 736 XXXIX.
440 669 468 728 It
470 689 551 746 aq,nc
573 669 724 728 confestim
744 669 871 728 dimissis
892 667 1007 726 nunciis
1027 669 1064 726 ad
1079 666 1197 727 Centro-

208 769 270 820 nes‚
284 749 571 818 Gmdios,1aeracos,
593 749 783 816 Pleumoxios,
797 748 956 821 Geidunos,
969 746 1037 830 qui
1031 765 1132 804 omnes
1145 747 1197 804 sub

113 840 307 908 ,aeorum
329 829 448 918 imperio
461 839 537 895 sunt,
551 826 638 902 qudrn
656 828 796 886 maximas
808 846 912 884 manus
931 820 1059 902 possurit,
1073 833 1196 902 cogrmt;

209 919 239 966 et
258 909 320 966 de
312 907 463 985 improviso
484 907 520 964 ad
534 905 686 964 Ciceronis
706 906 835 982 hyberna
855 905 998 972 advolant,
1012 905 1143 962 nondum
1163 905 1197 962 ad

209 1006 275 1044 eum
296 988 373 1044 fanni
393 987 429 1042 de
450 984 559 1043 Titurii
580 996 671 1044 morte
694 985 812 1062 perlati.
854 984 933 1042 Huic
953 1001 1065 1058 quoque
1083 982 1195 1073 accidit,

208 1067 283 1155 quod
303 1066 356 1122 fuit
375 1083 505 1132 necesse,
519 1075 552 1122 nt
571 1065 703 1122 nonnulli
724 1063 828 1121 milites
830 1063 901 1140 ‚qui
921 1061 1087 1138 lignationis
1108 1062 1196 1126 muni·

113 1153 117 1160 '
209 1143 349 1219 tionisque
376 1163 464 1202 causa
490 1143 521 1200 in
542 1145 635 1219 sylvas
657 1110 865 1209 discessissent,
896 1141 1045 1232 repentino
1071 1141 1196 1216 equitnm

166 1233 200 1287 10
210 1223 332 1280 adventu
360 1222 606 1298 interciperentur.
657 1220 714 1278 His
737 1220 951 1293 circumventis,
977 1219 1085 1296 magna
1111 1239 1196 1278 manu

208 1301 369 1369 Eburones,
392 1301 502 1368 Nervii,
526 1299 684 1366 Aduatuci,
707 1309 797 1390 atque.
813 1299 915 1356 horum
934 1297 1065 1356 omniurn
1085 1299 1197 1357 sociiet

208 1381 338 1446 clientes,
360 1380 503 1455 legionem
523 1391 688 1453 oppugnare
710 1377 867 1453 incipiunt:
896 1376 986 1434 nostri
1007 1377 1140 1435 celeriter
1163 1379 1196 1436 ad

209 1476 287 1514 erma
301 1467 486 1527 concurrunt,
500 1456 606 1512 vallum
619 1457 827 1512 conscendunt.
870 1455 982 1531 AEgre
975 1473 999 1512 rs
1012 1457 1075 1513 dies
1088 1467 1198 1514 susten·

207 1544 292 1602 tatur,
306 1531 382 1609 qudd
396 1554 511 1591 omnem
524 1553 605 1610 spem
626 1535 721 1592 hostes
735 1534 765 1592 in
779 1533 925 1592 celeritate
944 1534 1101 1612 ponebant,
1115 1546 1197 1612 atque

166 1623 200 1676 15
208 1613 284 1670 hanc
305 1613 400 1689 adepti
414 1613 571 1681 victoriam,
586 1614 616 1672 in
630 1624 798 1690 perpetuum
812 1631 843 1671 se
864 1613 923 1670 fore
937 1613 1060 1671 victores
1072 1613 1197 1672 confide·

209 1693 287 1750 bant.
395 1711 398 1718 ’

248 1772 313 1830 XL.
355 1769 509 1829 Mittuntur
530 1773 566 1830 ad
581 1771 726 1831 Caesarem
739 1771 890 1830 confestim
912 1789 929 1827 a
942 1770 1086 1829 Cicerone
1099 1771 1197 1839 litere,

209 1851 323 1942 magnis
334 1851 486 1941 propositis
499 1851 635 1941 praemiis,
649 1851 673 1908 si
692 1850 884 1926 pertulissent.
925 1848 1046 1906 Obessis
1064 1851 1199 1908 omnibus

110 1967 112 1976 .
208 1929 271 1998 riis,
285 1929 365 1988 missi
386 1929 614 2006 intercipiuntur.
657 1929 754 1988 Noctu
774 1948 811 1986 ex
833 1948 869 1989 ea
855 1927 1013 2002 materid,
1034 1946 1128 2002 quam
1139 1947 1199 1986 ιιιιι-

164 2009 326 2069 20nitionis
346 2009 435 2066 causa
456 2018 711 2084 comportaverant,
733 2018 825 2064 turres
847 2007 1000 2065 admodum
1021 2007 1111 2064 CXX
1124 2008 1200 2066 exci-

130 2127 135 2134 -
208 2096 304 2145 tantur
328 2086 491 2143 incredibili
516 2087 679 2143 celeritate:
711 2104 774 2160 quar
796 2086 896 2143 deesse
916 2086 995 2161 operi
1019 2085 1198 2154 videbantur,

206 2164 402 2240 perficiuntur.
455 2164 562 2222 Hostes
586 2175 699 2239 postero
725 2163 782 2231 die,
810 2154 900 2222 multd
927 2163 1083 2239 majoribus
1110 2165 1200 2255 copiis

208 2241 326 2312 coactis,
353 2250 447 2297 eastra
479 2252 655 2337 oppugnant,
683 2242 788 2299 fossam
814 2243 967 2331 complent
1021 2243 1070 2299 Ab
1096 2243 1199 2301 nostris

207 2318 309 2376 eidem
335 2317 456 2388 ratione,
479 2320 537 2393 quai
562 2320 664 2395 pridie,
688 2319 844 2378 resistitur·
876 2323 945 2379 boc
958 2319 1035 2376 idem
1061 2321 1199 2398 deinceps

165 2396 323 2472 25reliquis
336 2397 368 2454 fit
381 2397 491 2456 diebus.
533 2398 623 2456 Nulla
635 2419 701 2476 pars
721 2399 854 2457 nocturni
867 2399 1002 2475 temporis
1023 2400 1058 2456 ad
1073 2399 1199 2458 laborem

207 2475 425 2534 intermittitur.
459 2497 517 2535 non
549 2477 641 2554 agris,
669 2497 727 2536 non
754 2479 919 2550 vulneratis,
946 2477 1068 2536 facultas
1096 2478 1200 2554 qnietis

208 2555 309 2616 datur·
329 2575 507 2633 quacunque
522 2558 558 2614 ad
576 2557 698 2634 proximi
689 2557 769 2614 diei
782 2556 1024 2634 oppugnationem
1036 2576 1110 2633 opus
1121 2569 1199 2631 sunt,

207 2647 295 2694 noctu
309 2649 527 2712 comparantur:
548 2637 645 2694 multae
655 2646 785 2713 praeustae
799 2636 895 2703 sudes,
910 2655 1033 2712 magnus
1046 2605 1200 2694 muraliuni

205 2715 329 2791 pilorum
353 2733 490 2772 numerus
514 2715 688 2784 instituitnr;
710 2726 802 2772 turres
822 2715 1059 2783 contabulantnr;
1088 2713 1199 2789 pinnae,

164 2793 358 2890 soloricaeque
372 2812 407 2849 ex
421 2793 548 2850 cratibus
563 2804 735 2850 attexuntur.
777 2793 843 2868 Ipse
857 2793 971 2861 Cicero,
985 2812 1073 2869 quum
1090 2793 1201 2854 tenuis-

206 2871 280 2928 simi
301 2871 464 2928 valetudine
485 2881 570 2938 esset,
584 2890 628 2947 ne
643 2882 814 2929 nocturnum
829 2871 945 2947 quidem
959 2872 1015 2930 sibi
1035 2883 1148 2948 tempus
1162 2874 1199 2931 ed

206 2950 331 3026 quietern
354 2949 542 3025 relinquebat,
565 2961 596 3007 ut
617 2949 691 3009 ultro
715 2950 837 3008 militum
858 2969 1011 3045 concursu
1025 2970 1060 3012 ιο
1080 2951 1201 3010 vocibus

140 3075 145 3082 .
206 3029 261 3088 sibi
275 3049 392 3114 parcere
407 3040 565 3105 cogeretur.

246 3108 327 3165 XLI
356 3107 457 3165 ''I'uno
479 3110 570 3166 duces
585 3109 786 3199 principesque
807 3083 990 3178 Nerviormn,
1004 3110 1055 3186 qui
1075 3109 1199 3185 aliquem

163 3187 344 3253 35sermonis
355 3185 465 3244 aditum
478 3191 652 3262 causamque
665 3187 798 3246 amicitiae
809 3207 876 3246 curn
891 3188 1033 3247 Cicerone
1042 3189 1199 3262 habebant,

206 3265 329 3343 colloqui
355 3265 418 3323 ses'e
444 3265 516 3322 velle
540 3266 648 3323 dicunt.
704 3265 795 3324 Face
821 3278 971 3343 potestate,
998 3268 1110 3334 eadem,
1135 3288 1200 3343 quae

206 3346 358 3408 Ambiorix
371 3365 438 3403 curn
451 3344 568 3402 Titurio
587 3355 696 3422 egerat,
710 3358 951 3405 commemorant:
974 3345 1119 3402 ‘Omnem
1133 3363 1201 3408 esse

206 3422 344 3483 inarmis
369 3425 512 3484 Galliam:
540 3423 701 3483 Germanos
728 3425 866 3482 Rhenum
891 3423 1042 3484 transisse.
1072 3421 1202 3485 Caesaris

205 3500 433 3580 reliquorumque
447 3503 596 3581 hyberna
588 3504 765 3580 oppugnari!
808 3505 929 3562 Addunt
941 3501 1028 3559 etiarn
1042 3499 1080 3558 de
1093 3501 1200 3564 Sabini

163 3591 199 3647 ιο
206 3589 304 3636 morte
347 3584 545 3661 Ambiorigem
555 3593 700 3642 ostentant
713 3583 781 3641 fidei
792 3582 933 3640 faciunda
946 3579 1052 3637 usust:
1074 3579 1200 3642 ‘Errare

206 3675 265 3726 eos,
268 3657 429 3730 ’dieunt‘
439 3664 463 3720 si
485 3664 640 3739 quidquam
662 3662 698 3719 ab
712 3663 757 3721 bis
776 3661 901 3751 presidii
922 3669 1047 3735 sperent,
1066 3660 1118 3736 qui
1138 3663 1199 3722 suis

205 3738 291 3796 rebus
304 3735 450 3808 diffidant;
472 3761 534 3802 sese
545 3755 643 3800 tamen
656 3727 711 3799 bric
725 3761 788 3800 esse
809 3741 838 3796 in
852 3739 1026 3798 Ciceronem
1045 3739 1200 3818 Populum-

207 3836 261 3893 que
275 3816 442 3874 Romanurn
464 3819 569 3892 animo,
584 3832 616 3877 nt
637 3821 708 3877 nihil
727 3820 783 3877 nisi
799 3818 928 3892 hyberna
947 3829 1092 3888 recusent,
1114 3829 1200 3894 atque

207 3898 283 3958 banc
298 3896 505 3954 inveterascere
524 3867 764 3954 eoirsuetudinem
778 3894 890 3955 nolint:
910 3896 999 3958 licere
1019 3897 1076 3957 illis
1089 3898 1201 3987 incoln-
