2590 4424
474 341 582 394 amna
597 343 740 397 raucus.
952 383 954 390 ,
1032 342 1035 352 s
1125 346 1145 410 9

113 485 210 547 vocari
229 485 328 562 juben
357 496 396 554 et,
420 485 593 562 quotidianis
616 485 816 561 interpretibus
839 485 963 552 remotis,
985 504 1036 561 per
1060 485 1095 544 C.

113 565 261 624 Valerium
281 564 445 632 Procillum,
458 564 617 640 principem
629 563 731 622 Galliae
746 563 909 639 provincie,
928 563 1097 622 familiarem

112 663 206 712 suum,
228 643 276 700 cui
297 661 438 700 summam
458 642 585 700 omnium
606 659 700 700 rerum
721 641 807 698 fidem
828 642 961 709 babebat,
977 661 1044 699 cum
1061 661 1097 700 eo
1192 641 1195 646 ’

112 721 300 798 colloquitur:
335 722 419 778 simul
450 719 679 787 commonefacit,
702 739 776 794 que,
807 719 868 795 ipso
890 731 1039 795 praesente,
1066 721 1096 780 in

112 800 237 858 concilio
250 799 398 858 Gallorum
418 800 454 856 de
468 799 646 876 Dumnorige
667 797 724 856 siut
736 798 823 865 dicta,
838 808 867 855 et
886 799 1020 866 ostendit,
1033 818 1096 874 quse
1123 804 1143 857 5

112 879 266 954 separatim
279 879 397 954 quisque
411 879 447 934 de
461 897 496 935 eo
506 877 580 954 apud
594 896 625 934 se
639 875 759 934 dixerit:
780 877 850 953 petit
864 886 947 951 atque
960 878 1096 946 bortatvn,

72 1009 75 1018 ,
112 968 154 1024 ut,
169 957 231 1015 siue
247 957 308 1033 ejus
328 956 485 1015 offensione
507 955 595 1013 animi
608 956 652 1012 vel
673 955 733 1030 ipse
746 955 782 1012 de
803 974 847 1023 eo,
862 957 950 1013 causa
970 956 1096 1031 cognita,

113 1045 228 1104 statuat,
244 1036 287 1092 vel
301 1035 445 1092 civitatem
458 1045 581 1092 statuere
592 1034 700 1110 jubeat
1057 1028 1062 1040 '

101 1113 105 1120 ’
154 1113 224 1171 ΧΧ.
265 1114 425 1171 Divitiacus
444 1113 540 1170 multis
555 1131 621 1170 cum
634 1109 942 1187 lachrymisCaesarem
955 1112 1097 1188 complex·
1161 1119 1164 1126 '

99 1213 148 1256 ‚us
166 1192 316 1250 obsecrare
330 1192 426 1270 coepit,
457 1191 523 1248 ‘Ne
545 1191 612 1266 quid
626 1190 740 1266 gravius
761 1190 791 1247 in
812 1191 926 1248 fratrem
942 1201 1096 1250 statueret:
1112 1196 1147 1250 10

112 1271 186 1330 scire
208 1291 239 1328 se
253 1271 302 1328 illa
322 1289 482 1341 esse,vera;
504 1289 559 1326 nec
578 1287 740 1344 quenquam
760 1288 796 1326 ex
815 1289 851 1326 eo
863 1269 935 1344 plus,
950 1267 1035 1342 qudm
1056 1287 1096 1337 se,

112 1351 217 1419 doloris
238 1368 350 1425 capere,
371 1360 521 1426 propterea
540 1347 627 1423 quiid,
649 1367 736 1423 quum
758 1347 818 1423 ipse
838 1347 931 1423 gratia
943 1345 1097 1422 plurimirm

112 1429 190 1486 domi
204 1439 287 1504 atque
302 1429 332 1488 in
345 1427 454 1503 reliqua
467 1426 572 1493 Gallia,
585 1426 631 1484 ille
645 1422 794 1483 minimirrn
808 1435 920 1502 propter
934 1426 1098 1484 adolescen-

71 1521 74 1530 ’
113 1507 183 1564 tiam
203 1517 307 1582 posset,
328 1525 377 1582 per
399 1525 429 1563 se
451 1506 603 1564 crevisset:
624 1505 727 1580 quibus
747 1504 849 1580 opibus
863 1523 897 1562 ac
918 1505 1021 1572 nervis,
1038 1523 1096 1562 uon

114 1584 207 1646 solum
221 1586 257 1642 ad
277 1583 463 1642 minuendam
483 1583 614 1660 gratiam,
628 1585 678 1640 sed
698 1581 825 1659 penead
845 1583 1001 1658 perniciem
1015 1601 1096 1640 suam
1107 1587 1142 1642 1⁶

114 1673 260 1720 uteretur:
281 1681 343 1720 sese
356 1673 452 1720 tamen
465 1673 495 1718 et
513 1681 606 1720 amore
621 1662 744 1720 fraterno
757 1672 786 1719 et
798 1661 1006 1720 existimatione
1020 1661 1096 1738 vulgi

114 1740 294 1814 commoveri.
318 1738 426 1802 'Qubd
446 1740 471 1798 si
491 1741 558 1816 quid
578 1740 606 1798 ei
627 1760 645 1798 a
664 1740 779 1797 Caesare
799 1740 913 1816 gravius
935 1739 1095 1807 accidisset,

112 1839 201 1895 quum
222 1819 282 1898 ipse
302 1839 368 1876 eum
381 1819 477 1876 locum
493 1819 625 1878 amicitiae
642 1819 717 1894 apud
731 1838 797 1876 eum
817 1828 937 1884 teneret,
951 1817 1096 1874 neminem

112 1899 349 1965 existimaturum,
364 1917 422 1955 non
436 1899 488 1955 sub
499 1897 642 1956 voluntate
656 1898 782 1955 factum:
803 1897 860 1972 qua
870 1915 907 1953 ex
919 1915 950 1952 re
961 1895 1096 1964 futurum,

112 1974 155 2034 uti
168 1977 254 2034 totius
267 1976 368 2033 Galliae
383 1975 471 2033 animi
485 1995 502 2033 a
521 1995 552 2032 se
566 1976 779 2034 averterentur!
820 1975 893 2048 Haec
907 1993 994 2049 quum
1011 1973 1097 2049 pluri-
1106 1979 1142 2034 Ἃ

114 2054 167 2111 bus
177 2054 270 2112 verbis
281 2053 352 2111 flens
363 2073 380 2110 a
390 2054 504 2111 Caesare
514 2064 632 2130 peteret,
644 2054 742 2110 Caesar
753 2053 814 2128 ejus
827 2053 956 2110 dextram
966 2051 1096 2127 prendit:

113 2132 275 2190 consolatus
298 2143 388 2208 rogat,
412 2132 498 2188 finem
521 2131 623 2190 orandi
646 2131 754 2190 faciat:
784 2130 857 2188 tan'ti
880 2130 942 2206 ejus
969 2130 1044 2206 apud
1067 2149 1098 2188 se
1190 2169 1196 2179 =

96 2207 236 2286 'gratiam
255 2229 318 2268 esse
338 2210 471 2276 ostendit,
493 2207 534 2268 uti
548 2220 578 2266 et
598 2209 778 2285 Reipublicae
800 2209 931 2286 injuriam
963 2219 992 2266 et
1013 2227 1097 2268 suum

113 2288 239 2346 dolorem
263 2289 325 2364 ejus
338 2288 476 2346 voluntati
497 2307 531 2345 ac
544 2288 677 2364 precibus
698 2288 848 2346 condonet.
889 2287 1096 2363 Dumnorigem

114 2366 151 2423 ad
165 2385 196 2422 se
209 2377 309 2436 vocat3
330 2367 444 2424 fratrem
460 2367 593 2436 adhibet3
614 2363 677 2441 quia
698 2366 728 2423 in
742 2367 987 2442 comprehendat,
1004 2371 1142 2426 osten-25

113 2444 174 2512 dit;
209 2463 270 2518 quae
298 2445 368 2518 ipse'
382 2445 532 2520 intelligat,
560 2463 622 2520 qnae
649 2445 749 2502 civitas
774 2456 918 2520 queratur,
943 2444 1096 2520 proponit:

71 2560 72 2569 .
113 2532 221 2597 monet,
236 2532 267 2577 ut
287 2521 317 2578 in
331 2520 470 2596 reliquum
489 2533 600 2596 tempus
613 2543 711 2580 omnes
731 2524 907 2598 suspiciones
920 2523 1006 2592 vitet;
1026 2541 1098 2599 prta-

113 2599 198 2657 terita
208 2619 238 2656 se
250 2599 393 2658 Divitiacc
404 2599 481 2658 fratri
493 2601 654 2658 condonare
665 2601 743 2659 dicit.
784 2601 955 2676 Dumnorigi
965 2602 1099 2658 custodes
1122 2637 1127 2644 ι

112 2677 202 2754 ponit,
217 2689 257 2745 ut,
272 2697 334 2753 quae
349 2690 423 2754 agat,
438 2679 609 2754 quibuscum
621 2679 760 2754 loquatur,
774 2681 848 2738 scire
861 2679 956 2755 possit.

57 2819 60 2822 ,
152 2755 239 2814 XXI.
281 2757 390 2815 Eodem
410 2757 456 2814 die
479 2759 515 2816 ab
528 2759 750 2834 exploratoribus
770 2759 873 2817 certior
887 2759 989 2825 factus,
1003 2759 1143 2820 hostesdtl

113 2835 167 2893 sub
187 2846 283 2894 monte
303 2836 466 2920 consedisse
486 2837 575 2895 millia
587 2857 723 2914 passuum
742 2838 778 2895 ab
792 2837 879 2913 ipsius
896 2836 997 2895 cast'r'is
1013 2847 1097 2908 oct0;

112 2913 204 2988 qualis
217 2925 292 2971 esset
305 2926 407 2974 natura
424 2916 538 2984 montis,
553 2928 581 2974 et
599 2915 690 2992 qualis
703 2915 733 2973 in
753 2916 876 2975 circuitu
891 2934 1035 2983 ascensus,
1049 2915 1098 2990 qui

112 3003 329 3067 cognoscerent,
354 2993 439 3050 misit.
488 2994 705 3054 Renunciatum
725 3005 777 3061 e'st,
799 2995 913 3052 facilem
932 3013 1003 3050 esse.
1053 2993 1098 3050 De

112 3071 196 3128 tertia
215 3071 312 3146 vigilia
326 3071 364 3129 Τ.
376 3071 546 3141 Labienum,
560 3074 686 3150 legatum
699 3083 891 3150 propraetore,
906 3091 973 3130 cum
986 3071 1097 3130 duabus

112 3148 274 3225 legionibus
300 3161 328 3208 et
352 3151 396 3207 bis
422 3152 553 3218 ducibus,
580 3152 629 3227 qui
652 3152 706 3209 iter
729 3163 930 3230 cognoverant,
955 3155 1142 3214 summum&

110 3228 213 3304 jugum
226 3229 331 3288 montis
349 3231 471 3288 ascende
485 3251 502 3287 e
513 3231 612 3306 jubet3
634 3230 702 3306 quid
722 3231 768 3290 sui
780 3231 892 3288 consilii
905 3231 951 3298 sit,
965 3229 1097 3288 ostendit.

95 3305 179 3382 (Ipse
201 3308 237 3386 de
258 3308 358 3385 quarti
378 3307 596 3383 vigilial'eodem
618 3309 728 3377 itinere,
749 3329 805 3385 quo
826 3311 920 3367 hostes
941 3308 1042 3374 ierant,
1062 3307 1098 3364 ad
1139 3311 1144 3322 '

113 3379 163 3454 eos
175 3385 333 3453 contendit,
349 3386 565 3462 equitatumque
580 3407 694 3445 omnem
709 3400 774 3446 ante
789 3408 819 3445 se
838 3387 933 3444 mittit.
975 3385 1007 3444 P.
1022 3386 1099 3444 Con·

114 3462 213 3530 sidius‚
228 3464 276 3539 qui
290 3465 331 3521 rei
352 3463 482 3522 militaris
494 3465 681 3540 peritissimus
701 3467 868 3532 habebatur,
885 3476 914 3522 et
927 3464 957 3522 in
970 3465 1098 3524 exercitu

114 3539 149 3598 1..
172 3542 268 3632 Sullae,
282 3553 312 3600 et
332 3553 430 3619 postea
444 3543 474 3622 in
489 3543 529 3600 M.
545 3544 641 3604 Crassi
663 3546 764 3612 fuerat,
786 3563 852 3601 curn
876 3545 1144 3621 exploratoribuslfl

113 3629 301 3694 praemrttrtur.

155 3695 258 3753 XXII.
298 3699 395 3756 Prima
415 3700 490 3766 luce,
512 3719 599 3775 quum
620 3721 748 3760 summus
768 3719 850 3758 mons
872 3721 889 3759 a
909 3701 947 3758 T.
970 3699 1098 3758 Labieno

114 3785 269 3844 teneretur,
296 3777 356 3853 ipse
383 3779 420 3835 ab
437 3779 576 3838 ,bostium
609 3781 709 3838 castris
735 3799 793 3838 non
819 3778 934 3858 longius
959 3779 1036 3838 mille
1069 3790 1098 3836 et

114 3854 278 3932 quingentis
304 3857 434 3932 passibus
461 3859 581 3926 abesset,
608 3877 712 3935 neque,
738 3871 771 3918 ut
795 3871 894 3935 postea
919 3878 956 3916 ex
979 3856 1097 3930 captivis

763 3952 770 3978 ,
787 3955 792 3965 .
