2564 4422
156 359 213 418 ιω
518 353 568 404 oa
584 339 700 404 anano
718 351 876 404 carmon

186 495 348 574 perrenit;
376 495 504 571 vadoque
527 515 577 572 per
591 496 709 594 'equites
732 487 857 566 invento,
878 511 929 569 pro
953 493 995 550 rei
1018 495 1195 555 necessitate

202 585 369 664 opportuno,
383 585 415 632 ut
428 575 546 632 brachia
559 571 644 632 modd
659 584 741 648 atque
755 541 868 630 humeri
881 573 917 628 ad
931 572 1100 630 sustinenda
1114 593 1196 633 arma

203 652 286 711 liberi
313 653 349 710 ab
382 653 455 728 aqud
481 671 544 710 esse
569 661 694 728 possent,
724 650 860 726 disposito
889 649 1027 724 equitatu,
1055 651 1105 726 qui
1137 652 1193 710 vim

204 731 330 788 fluminis
343 731 520 806 refringeret,
535 741 618 805 atque
631 730 760 788 hostibus
772 728 863 804 primo
878 737 993 802 aspectu
1006 730 1192 817 perturbatis,

179 810 377 868 5incolumem
391 809 547 866 exercitum
561 808 703 865 traduxit:
726 805 975 895 frumentumque
968 823 998 862 rn
1013 806 1090 895 agris
1103 818 1133 864 et
1145 827 1193 867 oo-

204 888 281 964 piam
294 888 405 978 pecoris
415 897 517 944 nactus
519 886 678 962 ,'repleto
661 905 696 944 ns
705 885 791 943 rebus
801 883 938 950 exercitu,
951 883 1004 970 iter
1015 883 1045 941 in
1061 885 1192 944 Senones

180 967 320 1024 fucere
313 965 443 1024 instituit

146 1084 151 1096 ι
244 1044 339 1102 LVII.
381 1043 458 1100 Dum
478 1044 541 1101 haec
563 1043 638 1118 apud
656 1042 814 1100 Oaesarem
823 1049 970 1116 geruntur,
992 1039 1141 1099 Labienus
1156 1061 1191 1100 eo

205 1122 410 1199 supplemento,
424 1122 500 1196 quod
520 1141 611 1198 nuper
624 1140 660 1178 ex
674 1120 757 1178 ltaliri
777 1129 904 1186 venerat,
918 1118 1018 1176 relicto
1032 1119 1188 1196 Agendici,

164 1205 197 1258 ιι)
206 1211 237 1258 ut
249 1211 325 1258 esset
338 1200 549 1276 impedimentis
564 1199 704 1275 prasidio,
726 1217 793 1254 cum
807 1195 851 1254 IV
864 1196 1026 1272 legionibus
1046 1197 1190 1256 Lutetiam

205 1279 402 1354 proficiscitur.
443 1278 479 1335 Id
499 1288 543 1335 est
562 1277 698 1352 oppidum
712 1275 895 1342 Parisiorum,
909 1275 1032 1350 positum
1053 1275 1083 1332 in
1098 1276 1190 1334 insulsi

206 1356 331 1414 fluminis
345 1359 493 1432 Sequana.
536 1355 626 1430 Cujus
640 1355 763 1412 adventu
782 1353 961 1410 ab·hostibus
974 1353 1097 1430 cognito,
1112 1374 1191 1432 mag-

206 1453 250 1491 nae
282 1453 320 1491 ex
349 1435 477 1491 finitimis
509 1432 671 1490 civitatibus
697 1432 786 1508 copiae
819 1442 1022 1489 convenerunt.
1066 1432 1192 1492 Summa

206 1511 317 1586 imperii
337 1512 458 1569 traditur
479 1511 675 1586 Camulogeno
696 1511 832 1577 Aulerco,
854 1509 913 1583 qui,
934 1529 1020 1586 prope
1041 1511 1191 1569 coniectus

164 1593 199 1646 15
207 1599 299 1661 etate
320 1601 417 1647 tamen
439 1600 552 1666 propter
573 1589 746 1664 singularem
768 1588 921 1645 scientiam·
939 1587 980 1646 rei
1003 1588 1135 1647 militaris
1156 1591 1190 1648 atl

206 1687 273 1726 eum
293 1679 336 1726 est
356 1669 492 1727 honorem
512 1678 655 1726 evocatus.
696 1667 726 1724 Is
746 1679 833 1742 quum
855 1666 1110 1734 animadvertisset,
1131 1687 1192 1743 per·

206 1757 320 1823 petuam
331 1765 393 1804 esse
406 1747 549 1822 paludem,
564 1764 626 1822 quae
640 1744 787 1802 influeret'
782 1763 811 1802 ιιι
826 1745 1000 1819 Sequanam,
1015 1755 1100 1820 atque
1114 1746 1190 1804 illum

205 1845 320 1884 omnem
332 1825 427 1883 locum
441 1843 612 1915 magnopere
633 1824 792 1900 impediret,
807 1821 856 1880 hic
869 1823 1009 1892 consedit,
1027 1835 1190 1900 nostrosque

206 1905 326 1962 ιιιιιιιιιι
339 1904 509 1980 prohibere
502 1903 632 1961 instituit

163 1983 200 2036 20
246 1982 357 2041 LVIII.
399 1982 545 2040 Labienus
571 1979 664 2057 primo
696 1981 795 2038 tineas
828 1997 921 2070 agere,
956 1980 1083 2038 cratibus
1110 1992 1191 2056 atque

208 2079 311 2137 aggere
322 2061 455 2136 paludem
472 2061 596 2156 explere,
612 2070 695 2134 atque
709 2060 762 2116 iter
783 2059 894 2116 munire
907 2059 1074 2116 conabatur.
1115 2059 1192 2118 Post-

195 2157 292 2212 quam
316 2139 345 2195 id
365 2136 510 2195 difficiliris
536 2137 653 2195 confieri
678 2137 885 2204 animadvertit,
910 2135 1023 2195 silentio
1048 2157 1076 2194 e
1094 2139 1191 2196 castris

148 2201 152 2223 '
209 2215 292 2272 tertii
300 2215 396 2290 vigint
406 2231 546 2290 egressus
560 2216 660 2272 eodem
664 2234 738 2290 ,quo
751 2227 876 2282 venerat,
888 2215 990 2273 itinere
1005 2215 1191 2274 Melodunum

208 2291 345 2368 pervenit.
387 2291 421 2349 Id
455 2304 498 2351 est
523 2293 658 2368 oppidum
686 2293 879 2368 Senonum,
872 2313 901 2352 ru
929 2293 1024 2351 insuld
1052 2295 1190 2370 Sequana

165 2369 341 2446 25positum,
368 2381 399 2428 ut
431 2371 517 2447 paulo
545 2371 610 2430 ante
645 2372 788 2430 Lutetiam
815 2371 946 2430 diximus.
1001 2371 1191 2448 Deprehensis

209 2449 329 2507 navibus
347 2450 462 2508 circiter
476 2451 510 2518 L,
525 2451 710 2526 celeriterque
724 2451 894 2526 conjunctis,
911 2461 995 2526 atque
1007 2450 1044 2509 ed
1057 2451 1192 2509 militibus

205 2528 357 2606 impositis,
371 2539 400 2587 et
413 2531 454 2587 rei
475 2529 599 2588 novitate
613 2530 768 2606 perterritis
782 2529 941 2605 oppidanis,
955 2548 1075 2604 quorum
1089 2549 1193 2606 magna

209 2618 348 2683 parserat
362 2609 398 2665 ad
417 2608 523 2666 bellum
536 2619 663 2676 evocata,
685 2609 747 2666 sine
761 2608 944 2666 contentione
964 2609 1068 2684 oppido
1080 2609 1192 2685 potitur.

211 2687 334 2745 Refecto
353 2697 448 2763 ponte,
462 2705 547 2761 quem
569 2687 760 2762 superioribus
777 2687 879 2744 diebus
900 2689 996 2745 hostes
1008 2686 1193 2754 resciderunt,

167 2764 367 2822 30exercitum
375 2765 508 2835 traducit,
520 2776 549 2822 et
562 2766 689 2823 secundo
698 2765 815 2822 flumine
828 2766 865 2822 ud
880 2765 1021 2823 Lutetiam
1030 2765 1082 2822 iter
1098 2765 1195 2822 facere

210 2842 304 2918 coepit.
347 2841 461 2910 Hostes,
476 2861 506 2899 re
528 2843 644 2918 cognita
666 2845 702 2901 ab
723 2843 766 2910 iis,
781 2843 829 2918 qui
851 2863 868 2902 a
888 2844 1042 2902 Meloduno
1062 2843 1195 2920 profuge-

209 2932 283 2988 rant,
311 2920 453 2978 Lutetiam
481 2920 649 2988 incendunt,
676 2933 834 3011 pontesque
857 2923 919 2998 ejus
944 2921 1040 2998 oppidi
1070 2922 1196 2980 rescindi

215 3000 333 3074 jubent:
354 2999 408 3074 ipsi
428 2999 548 3075 profecti
570 3000 763 3076 apalude,1n
784 3000 852 3076 ripis
874 3002 1025 3076 Sequanae,
1042 3001 1196 3077 eregione

211 3078 342 3144 Lutetiae,
357 3088 457 3134 contra
470 3077 593 3136 Labieni
605 3091 698 3136 castra
712 3079 873 3137 considunt.

166 3153 202 3206 35
250 3154 330 3212 LIX.
374 3155 439 3212 lam
453 3155 738 3233 OaesaraGergovid
751 3158 915 3216 discessisse
930 3157 1119 3216 audiebatur:
1138 3158 1197 3233 jam

209 3235 246 3292 de
270 3233 430 3292 AEduorum
457 3234 616 3292 defectione
635 3246 681 3293 et
689 3237 816 3293 secundo
842 3235 942 3294 Galliac
966 3246 1045 3293 ιιιοιιι
1072 3255 1198 3294 rumores

211 3314 410 3380 afferebantur,
432 3313 563 3388 Gallique
590 3314 620 3371 in
644 3315 800 3390 colloquiis,
824 3314 1027 3371 ‘interclusum
1048 3315 1151 3372 itinere
1171 3325 1199 3372 et

116 3443 119 3452 f
210 3392 308 3467 Ligeri
329 3392 484 3459 Cesaram,
513 3392 609 3468 inopiis
632 3392 766 3450 frumenti
793 3403 936 3459 coactum,
960 3391 989 3448 in
1017 3391 1198 3450 Provinciam

210 3471 406 3528 contendisse'
442 3471 679 3529 confirmabant·
714 3471 857 3529 Bellovaci
892 3480 997 3536 sutem,
1037 3471 1199 3530 delectione

166 3545 370 3606 iOAEduorum
391 3549 517 3626 cogniti,
539 3549 588 3624 qui
612 3547 679 3606 ante
701 3560 782 3607 erant
804 3569 855 3624 per
876 3567 907 3606 se
931 3548 1071 3616 infideles,
1097 3569 1199 3608 manus

211 3641 313 3698 cogere
328 3637 410 3700 atque
433 3627 529 3702 aperte
548 3627 653 3684 bellum
675 3647 775 3704 parare
796 3637 953 3703 coeperunt.
995 3626 1076 3684 Τιιιιι
1097 3627 1200 3686 Labie

211 3719 275 3766 nus,
287 3703 366 3758 tanti
387 3723 482 3762 rerum
503 3706 735 3774 commutatione,
757 3705 843 3780 longe
858 3703 935 3762 aliud
950 3705 1004 3762 sibi
1025 3705 1200 3781 capiendum

212 3777 373 3849 consilium,
388 3790 470 3854 atque
490 3793 575 3840 antea
593 3796 730 3852 senserat,
744 3783 941 3858 intelligebat:
962 3801 1067 3857 neque,
1087 3785 1150 3861 jam
1171 3794 1201 3841 ut

213 3855 318 3931 aliquid
333 3856 501 3930 acquireret,
515 3861 667 3937 prelioqde
680 3863 776 3921 hostes
786 3862 954 3932 lacesserem
979 3861 1030 3968 sed
1044 3871 1076 3919 ut
1090 3862 1203 3922 incoln-
