2564 4422
154 363 213 424 tet
517 357 565 409 nn
582 357 699 410 annno
717 355 875 430 ulturno

202 499 755 562 refrurnentaribdurissubrectionibus
763 499 913 558 laboraret
952 497 1198 560 Presterevisntn

202 591 245 638 est
258 591 356 637 tamen
368 599 470 638 omnes
483 579 665 638 difficultates
678 579 797 656 perpeti,
811 577 908 652 qudm,
922 577 1002 634 tanti
1015 579 1196 636 contumelii

202 660 332 734 meopte,
346 659 476 717 omniurn
495 677 609 717 snorum
623 657 783 732 voluntates
804 657 937 714 alienare.
978 654 1082 730 ltaque
1096 658 1196 715 cobor-

154 757 186 770 ·-
202 747 279 796 tatus
293 737 405 796 AEduos
417 738 454 795 de
474 737 666 812 supportando
688 745 861 806 commeatu,
875 734 1020 810 praemittit
1042 736 1079 792 ad
1100 735 1194 803 Boios,

169 821 189 873 5
202 815 251 891 qui
265 816 302 872 de
315 834 368 873 suo
381 817 503 872 adventu
516 816 649 882 doceant,
661 814 875 888 hortenturque,
890 823 921 869 ut
935 811 964 869 in
978 811 1035 870 lide
1046 825 1194 881 maneant,

80 945 84 954 .
204 905 288 969 etque
309 894 432 950 hostium
453 894 590 970 impetum
611 911 717 967 magno
741 892 837 949 animo
860 891 1028 948 sustineant.
1072 891 1195 950 Duabus

205 971 350 1108 Apendici
378 971 538 1046 legionibus
579 981 664 1045 atque
690 969 901 1046 impedimentis
937 969 1024 1026 totius
1050 971 1195 1029 exercitiis

205 1071 236 1110 rs
248 1051 321 1117 ictis,
337 1050 372 1106 ad
387 1049 473 1107 Boios
486 1048 685 1124 proficiscitur.

243 1128 299 1185 xl.
340 1125 441 1186 Altero
460 1127 508 1186 die
523 1147 611 1202 quum
632 1128 669 1184 ad
682 1125 818 1203 oppidum
838 1125 986 1184 Se'nonum
999 1125 1193 1186 Vellaunodu-

156 1211 191 1266 1⁰
204 1225 274 1264 num
300 1206 434 1274 venisset,
461 1226 498 1264 ne
529 1225 614 1281 quem
643 1215 706 1281 post
730 1223 761 1261 se
787 1205 898 1261 hostem
927 1203 1118 1296 relinqueret,
1138 1205 1193 1281 qud

90 1305 95 1324 '
185 1285 1193 1438 ,{ind'titubltttt‘ttt‘ttbtitt?“talttttdti

138 1455 145 1472 ⁸
204 1442 360 1507 deditione,
381 1460 460 1498 arma
479 1438 607 1516 proferri,
626 1439 757 1514 jumenta
777 1439 907 1514 produci,
922 1439 977 1504 Dc
997 1439 1111 1497 obsides
1132 1441 1194 1499 dari

202 1517 292 1594 jubet„
334 1518 379 1574 Ea
397 1517 447 1592 qui
460 1517 625 1590 conficeret,
639 1519 674 1576 0.
690 1517 869 1576 Trebonium
891 1518 1017 1594 legatum
1039 1518 1193 1596 relinquit:

156 1600 191 1654 ts
206 1594 276 1672 ipse,
291 1605 322 1652 ut
342 1593 551 1673 quamprimum
574 1596 627 1654 iter
649 1597 766 1664 faceret,
780 1597 933 1654 Genaburn
955 1597 1115 1656 Carnutum
1134 1617 1195 1676 prc-

205 1674 353 1742 bciscitur,
376 1675 425 1750 qui
451 1687 512 1733 tum
535 1675 659 1752 primbm
684 1675 769 1733 allato
794 1675 902 1733 nuncio
925 1676 961 1733 dc
982 1677 1194 1752 oppugnatione

206 1754 430 1826 Vellaunoduni,
444 1775 532 1830 quum
552 1752 667 1832 longius
686 1773 751 1812 eam
774 1773 834 1811 rem
855 1754 974 1812 ductum
996 1754 1031 1810 iri
1052 1757 1194 1814 existima·

206 1844 280 1901 rent,
307 1834 469 1910 presidium
493 1834 606 1892 Genabi
630 1833 729 1891 tuendi
752 1832 851 1899 causi,
878 1833 953 1907 quod
977 1831 1012 1889 eb
1040 1834 1193 1901 mitterent,

206 1914 420 1988 comparabant
469 1913 537 1970 Huc
561 1913 648 1970 biduo
670 1911 817 1988 pervenit:
848 1909 949 1968 castris
970 1921 1037 1968 ante
1060 1913 1194 1989 oppidum

155 1993 192 2049 m
207 1991 316 2066 positis,
340 1992 399 2048 diei
422 2001 547 2067 tempore
570 1990 714 2058 exclusus,
739 1990 768 2048 in
790 2001 933 2065 posterum
953 1991 1194 2066 oppugnationem
1266 2063 1267 2068 ἵ

207 2069 311 2136 differt,
325 2089 444 2144 quaeque
466 2071 502 2126 sd
515 2088 579 2126 earn
598 2088 657 2126 rem
672 2068 737 2125 usui
757 2067 824 2134 sint,
839 2068 977 2126 militibus
998 2068 1137 2145 imperat:
1157 2080 1194 2137 et,
1266 2085 1267 2108 ³

206 2146 283 2221 qudd
303 2147 438 2222 oppidum
462 2148 614 2204 Genabum
637 2165 709 2220 pons
732 2145 858 2204 fluminis
882 2146 917 2204 Li
938 2145 995 2204 eris
1018 2149 1193 2216 continebat,
1266 2109 1267 2191 l

206 2223 321 2288 veritus,
343 2242 380 2279 ne
404 2234 490 2280 noctu
513 2243 550 2280 ex
571 2225 676 2300 oppido
699 2225 890 2300 profugerent,
913 2165 985 2282 (lues
1011 2225 1141 2302 legiones
1167 2227 1195 2284 in

208 2300 294 2358 armis
307 2301 450 2364 excubare
461 2301 551 2377 jubet.
592 2303 790 2370 Genabenses,
803 2303 890 2380 pauld
905 2315 971 2362 ante
985 2305 1110 2362 mediam
1130 2325 1196 2364 noc·

155 2384 191 2438 25
206 2389 265 2436 tem
291 2378 404 2438 silentio
429 2400 465 2438 ex
490 2380 595 2457 oppido
617 2381 735 2457 egressi,
764 2382 869 2441 flumen
897 2382 1018 2440 transire
1037 2395 1194 2460 coeperunt
1265 2409 1266 2414 ¹

205 2458 276 2520 Qut
289 2477 320 2515 re
333 2477 383 2534 per
397 2460 586 2537 exploratores
603 2461 751 2528 nunciati,
766 2461 864 2519 Cesar
877 2461 1015 2538 legiones,
1028 2481 1101 2537 quas
1114 2481 1197 2539 expe·
1265 2457 1266 2539 l

170 2539 172 2542 ’
205 2537 280 2595 ditas
301 2557 363 2595 esse
382 2538 515 2614 jusserat,
535 2539 623 2615 portis
644 2539 779 2611 incensis,
802 2539 972 2606 intromittit,
988 2550 1071 2616 atque
1092 2541 1197 2618 oppido

205 2617 320 2694 potitur,
334 2619 485 2694 perpaucis
497 2637 533 2676 ex
554 2617 677 2676 hostium
690 2637 810 2676 numero
822 2618 1000 2689 desideretis,
1013 2619 1081 2693 quin
1097 2619 1198 2678 cuncti

206 2707 386 2772 caperentur,
401 2696 477 2772 qudd
498 2697 593 2772 pontis
607 2707 691 2771 atque
713 2698 846 2754 itinerum
861 2696 999 2773 angustie
1017 2696 1197 2756 multitudini

155 2781 192 2836 30
207 2776 303 2850 lugam
338 2773 565 2831 intercluserant.
618 2775 765 2849 Oppidum
799 2775 896 2851 diripit
928 2787 1008 2850 etque
1039 2773 1198 2846 incenditt
1264 2801 1265 2889 p

206 2853 330 2928 praedam
345 2851 482 2908 militibus
495 2853 592 2918 donat,
606 2853 765 2910 exercitum
784 2852 911 2929 Ligerim
925 2851 1093 2920 transducit,
1109 2863 1198 2930 atque

158 2971 163 2984 ,
206 2929 236 2988 in
251 2929 411 3006 Biturigum
422 2929 494 2987 lines
506 2929 643 3004 pervenit.
772 2973 775 2978 .
1134 3003 1137 3008 Ι

245 3008 317 3066 Xll.
358 3007 586 3085 Vercingetorix,
614 3010 664 3067 ubi
689 3011 726 3068 de
752 3010 876 3068 Cesaris
903 3012 1026 3069 adventu
1051 3013 1197 3088 cognovit,

206 3087 418 3161 oppugnatione
429 3087 549 3155 desistit,
558 3098 645 3164 *atque
657 3087 772 3146 obvidm
780 3089 889 3146 (lassari
902 3089 1101 3165 proficiscitur.
1143 3091 1197 3148 Ille
1263 3129 1264 3132 =

155 3171 191 3228 35
206 3165 340 3241 oppidum
355 3164 540 3244 [Biturigum
552 3167 674 3241 positum
689 3167 718 3224 in
730 3167 786 3234 vid,
816 3167 1020 3226 Noviodunum
1030 3187 1197 3247 oppugnare
1263 3151 1264 3239 l

208 3244 376 3304 instituerat.
416 3243 488 3305 Quo
509 3263 546 3301 ex
564 3244 669 3319 oppido
688 3264 776 3319 quum
806 3246 883 3322 egnti
905 3247 941 3306 nd
954 3266 1021 3305 enm
1043 3247 1197 3316 venissent,

120 3357 123 3364 Δ
206 3337 329 3392 oratum,
354 3333 387 3382 ut
414 3322 494 3381 ‘Sibi
521 3323 692 3400 ignosceret,
714 3342 829 3398 sueque
855 3325 920 3382 vite
946 3326 1109 3384 consuleret
1120 3327 1139 3395 3’
1169 3337 1199 3385 ut

207 3404 353 3462 eeleritate
363 3403 487 3479 reliquas
497 3421 544 3460 rea
555 3401 719 3492 conticeret,
733 3404 790 3492 qud
798 3404 932 3494 pleraque
942 3414 1004 3461 erat
1011 3417 1197 3496 consecutus,

158 3481 1002 3637 ,0rutumnututteztr„tt.tn
1023 3479 1199 3622 titur

208 3632 262 3690 bus
286 3644 316 3689 et
341 3640 442 3709 paucis
467 3639 605 3698 militibus
628 3636 806 3706 intromissis,
833 3639 882 3714 qui
908 3655 987 3695 mma
1010 3636 1198 3717 jumentaque

208 3709 418 3800 conquirerent,
438 3720 582 3793 equitatus
602 3717 726 3776 bostium
746 3718 844 3796 procul
859 3718 934 3774 visus
954 3727 1009 3786 est,
1022 3717 1072 3793 qui
1094 3737 1198 3798 agmen
1261 3697 1262 3792 l

208 3791 454 3866 Vercmgetorigia
478 3807 678 3854 antecesserat.
725 3796 823 3858 Quem
847 3795 931 3854 simul
957 3807 1043 3873 atque
1062 3797 1197 3875 oppidani
1261 3797 1262 3820 ¹

209 3874 426 3946 conspexerunt,
441 3879 524 3942 atque
538 3873 568 3928 in
582 3892 662 3948 spem
675 3874 774 3934 auxilii
788 3885 937 3945 venerunt,
950 3876 1077 3938 clamore
1087 3877 1198 3936 sublato
