2590 4424
167 317 211 380 ss
526 315 709 374 0131·Βο
725 315 887 374 (babuco

215 452 1212 535 armemufficuaoopemnteeiuuasfidanacpotecaten

215 531 321 599 venue,
343 551 434 609 neque
447 546 546 594 contra
567 539 706 613 Populum
720 539 887 595 Romanum
906 537 994 593 armis
1014 541 1214 603 contendero.

216 607 299 677 ltsm,
315 630 402 686 quum
423 614 459 672 ad
478 617 614 691 oppidum
638 616 815 684 accessisset.
839 625 990 688 witlac
1011 616 1059 680 ibi,
1073 630 1210 691 poneret,

215 687 296 762 pueri
309 691 497 768 mulieresque
509 713 546 752 eii
559 714 642 755 muro
653 695 744 770 passis
756 693 889 753 manibus
909 712 962 750 suo
974 712 1055 752 more
1068 713 1177 769 pacem
1193 716 1212 756 a

189 777 207 830 d
217 763 356 826 Romanis
368 771 519 845 petierunt.

254 842 338 903 XIV.
379 849 435 906 Pio
448 849 493 906 liis
511 849 671 910 Divitiacus
685 851 766 929 (nani
778 859 843 926 post
861 849 1021 906 discessmn
1035 849 1216 925 Belgarum„

188 961 192 970 ι
216 921 339 982 dimissis
360 927 521 986 AEduoium
543 931 643 1005 copiis,
668 932 705 988 ad
724 949 793 989 euni
812 931 979 1005 reverterat)
1002 929 1074 984 facit
1098 931 1207 990 verba:

218 999 402 1060 ‘Bellovacos
423 1007 502 1064 omni
527 1019 653 1085 tempore
677 1010 707 1066 in
730 1009 786 1066 fide
813 1017 896 1078 atque
923 1006 1051 1062 amicitia
1078 1007 1210 1072 civitatis

217 1077 320 1136 AEduae
348 1082 451 1140 tiiisse:
485 1085 620 1164 impulsos
645 1087 667 1144 a'
688 1087 748 1144 suis
772 1083 960 1160 princepibus,
982 1084 1033 1158 qui
1060 1085 1205 1156 dicerent,

174 1163 207 1216 io
217 1153 337 1226 AEdum,
349 1179 366 1218 a
379 1160 494 1223 Caesare
512 1163 545 1224 in
565 1166 727 1224 servitutem
741 1164 880 1228 redactos,
894 1180 995 1218 omnes
1015 1162 1207 1237 indignitates

217 1239 458 1316 contumeliasque
479 1245 613 1320 perferre,
636 1255 666 1300 et
687 1244 724 1300 ab
747 1240 852 1298 AEduis
871 1239 1021 1306 defecisse,
1043 1251 1073 1298 et
1094 1241 1207 1317 Poptdo

217 1309 351 1375 Romano
372 1319 477 1378 bellum
498 1323 645 1380 intulisse:
665 1321 714 1396 qui
732 1320 816 1394 hujus
835 1317 947 1375 consilii
967 1318 1116 1394 principes
1136 1321 1207 1378 liris·

217 1381 379 1468 5011thqu
398 1399 589 1475 intelligerent
608 1410 743 1474 quantam
756 1396 947 1454 calamitatem
968 1396 1077 1452 civitati
1092 1397 1208 1456 intulis·

217 1478 289 1535 serit,
305 1471 333 1528 in
343 1473 519 1536 Britanniam
532 1461 699 1554 profugisle
740 1477 840 1532 Petere
848 1493 905 1530 non
918 1472 1010 1530 solum
1025 1474 1206 1546 Bellovacos,

174 1549 208 1604 15
217 1545 267 1602 aed
281 1549 368 1610 ctiam
388 1575 438 1631 pro
454 1557 498 1614 his
511 1557 632 1624 AEduos,
647 1568 679 1614 ut
691 1556 743 1612 sua
756 1551 910 1611 clementii
932 1569 966 1607 ac
979 1553 1206 1612 mansuetudine

218 1620 247 1680 in
261 1643 310 1684 cos
323 1641 426 1692 utatur.
466 1636 554 1700 Quod
569 1637 593 1694 si
614 1635 723 1701 fecerit,
738 1634 898 1702 AEduoium
912 1630 1113 1688 auctoritatem
1128 1634 1205 1706 apud

194 1727 196 1732 ·
217 1719 316 1765 omnes
330 1709 434 1792 Belgas
447 1715 703 1792 amplificaturum:
723 1729 841 1788 quorum
864 1708 977 1764 auxiliis
990 1717 1074 1782 atque
1086 1710 1205 1790 opibus,

218 1780 241 1838 Sl
255 1802 311 1858 quc
323 1790 399 1852 bella
412 1795 574 1862 inciderint,
589 1803 747 1852 sustentare
760 1785 944 1848 consuerint'
1097 1842 1099 1846 .

186 1921 192 1933 .
257 1862 324 1924 XV·
366 1873 463 1932 Caesar
496 1874 610 1932 honoris
635 1870 771 1928 Divitiaci
798 1878 882 1940 atque
908 1863 1069 1924 AEduorum
1103 1867 1206 1935 causa,

173 1937 309 2002 Q‘Sese
335 1968 397 2008 eos·
410 1953 440 2010 iii
464 1954 549 2010 iidem
572 1961 752 2028 recepturum
777 1956 807 2002 et
830 1942 1083 2007 conservaturum,'
1108 1943 1206 2002 dixit:

219 2021 279 2088 sed,
293 2026 369 2098 quud
383 2043 444 2088 erat
464 2032 565 2088 civitas
577 2028 683 2110 magnai
697 2027 770 2082 inter
791 2023 895 2109 Belgas
917 2020 1094 2107 auctoritate,
1118 2031 1208 2110 atque

220 2093 367 2160 hominum
387 2108 568 2164 multitudine
588 2105 749 2180 praestabat,
763 2101 817 2157 DC
834 2100 949 2156 obsides
968 2107 1105 2172 poposcit.
1149 2099 1208 2162 His

219 2175 338 2245 traditis,
359 2187 545 2258 omnibusque
568 2184 653 2240 arinis
666 2202 703 2240 ea
721 2180 826 2255 oppido
843 2177 962 2242 collatis,
977 2177 1013 2263 ab
1033 2195 1068 2262 eo
1088 2175 1154 2234 loco
1175 2178 1207 2236 iii

219 2245 291 2305 fines
309 2257 517 2320 Ambianorum
537 2260 674 2337 pervenit,
687 2259 736 2334 qui
750 2277 781 2315 se
802 2275 909 2330 suaque
929 2273 1027 2312 omnia
1046 2272 1108 2310 sine
1123 2258 1207 2312 mord

174 2321 398 2395 25dediderunt.
447 2341 552 2398 Eorum
577 2341 649 2397 fines
673 2337 771 2395 Nervii
796 2335 992 2408 attingebant:
1022 2350 1143 2418 quorum
1168 2334 1207 2390 de

219 2411 321 2466 natura
344 2418 523 2494 moribusque
547 2420 645 2476 Caerar
671 2435 758 2492 quum
783 2423 931 2488 quareret,
956 2410 998 2466 sic
1021 2411 1206 2484 reperiebat:

221 2479 359 2549 ‘Nullum
384 2497 490 2556 aditum
511 2517 573 2556 esse
594 2497 630 2554 ad
651 2516 701 2553 cos
721 2492 943 2552 mercatoribus:
963 2487 1035 2546 nibil
1052 2487 1112 2563 pati
1133 2489 1205 2556 viiii,

220 2559 444 2651 reliquarumque
477 2597 570 2636 rerum
605 2577 640 2634 ad
674 2573 814 2632 luxuriam
847 2567 1060 2654 pertinentium,
1089 2566 1205 2653 inferri,

219 2637 294 2708 dudd
326 2649 369 2706 liis
397 2657 482 2714 rebus
505 2656 723 2731 relanguescere
752 2651 863 2708 animos
890 2662 919 2704 et
941 2655 1055 2732 remitti
1071 2655 1206 2731 virtutem

174 2711 432 2798 3⁰eiiistimareiit:
453 2753 514 2792 esse
529 2733 659 2791 homines
679 2733 763 2796 seros,
778 2743 945 2801 magumque
962 2724 1088 2780 virtutis:
1111 2741 1207 2780 incre·

219 2799 314 2884 ΙΗῑῑὶξΘ1
325 2813 407 2876 atque
422 2809 553 2868 incusare
571 2809 694 2884 reliquos
708 2807 821 2881 Belgas,
835 2803 883 2877 qui
903 2823 933 2859 se
947 2801 1056 2876 Populo
1069 2800 1207 2860 Romano

240 2868 405 2950 edidissent,
428 2889 604 2963 patriamque
628 2887 759 2942 virtutem
785 2881 992 2959 projecissent:
1023 2878 1206 2947 confirmare,

221 2957 282 3071 {⁰³³
303 2971 394 3030 neque
408 2963 516 3041 legatos
535 2966 679 3032 missuros,
694 2981 786 3038 neque
805 2961 892 3018 ullam
911 2957 1102 3017 conditionem
1123 2957 1207 3032 pacis

239 3037 405 3099 coepturos.³

177 3091 212 3146 3⁵
243 3097 344 3182 ,ΧΠ
384 3117 485 3178 Quum
505 3139 668 3197 percorum
688 3119 760 3182 fines
772 3119 898 3176 triduum
919 3117 972 3173 iter
985 3114 1110 3180 fecisset,
1126 3113 1207 3170 inve-

221 3177 319 3267 niebat
331 3203 368 3245 ex
388 3198 517 3269 captivis,
531 3201 629 3257 Sabim
644 3197 751 3255 flumen
765 3198 801 3254 ab
822 3196 922 3252 castris
936 3193 996 3252 suis
1009 3211 1067 3250 nori
1081 3190 1207 3280 amplius

221 3253 310 3316 millia
319 3281 454 3337 passuum
468 3277 569 3335 decern
580 3279 695 3335 abesse:
716 3287 795 3332 tram
808 3275 836 3330 id
848 3273 953 3331 flumen
967 3289 1067 3328 omnes
1081 3269 1207 3328 Nervios

222 3339 395 3414 ⁰⁰¹¹S²di⁵⁸02
424 3353 631 3431 adventumque
663 3355 703 3412 ibi
729 3354 926 3411 Romanorum
952 3359 1119 3424 exspectare
1145 3347 1207 3437 und

222 3413 289 3488 ΜΨ
310 3415 495 3501 Atrebatibus
515 3446 544 3494 et
564 3433 784 3500 Veiomanduis,
803 3430 931 3489 finitimis
951 3429 1026 3487 suis:
1056 3425 1207 3502 (nam'lus

222 3483 348 3556 utrisque
357 3513 564 3582 persuaserant,
576 3511 617 3570 uti
628 3513 749 3570 eandem
761 3509 828 3569 belli
838 3511 978 3568 somonam
992 3505 1205 3594 experirentur)

222 3567 382 3638 &aspectam
401 3583 485 3645 etiam
507 3594 543 3650 ab
564 3592 608 3650 his
620 3593 836 3650 Aduatucorum
858 3588 964 3662 copias,
986 3595 1070 3657 atque
1090 3597 1154 3640 esse
1174 3603 1205 3640 in

221 3636 346 3698 ¹²¹⁰⁸¹⁰²
377 3655 518 3736 mulieres,
541 3671 645 3746 quique
670 3688 721 3746 per
744 3679 856 3726 aetatem
880 3666 917 3721 ad
939 3680 1067 3738 pugnam
1088 3661 1206 3720 inutiles

221 3703 395 3809 viderentur,
415 3730 449 3814 'in
472 3756 537 3800 eum
561 3749 655 3807 locum
678 3745 847 3820 conjecisse,
870 3739 1063 3814 qudllffllloef
1085 3737 1206 3815 Paludffl

220 3797 363 3854 exurcttui
377 3803 470 3866 aditus
482 3831 540 3873 non
552 3837 635 3880 esset.

177 3473 213 3528 40
