2564 4422
536 331 585 382 m:
601 330 717 382 sumo
735 331 895 382 ethnico

512 629 567 687 nu
587 628 719 688 senno
738 627 920 716 elumen
995 651 997 659 ·

164 803 169 850 l
655 797 769 852 meust
788 799 837 852 Vl.

263 949 287 1010 1.
329 949 448 1008 Moeris
468 948 504 1006 de
525 947 621 1006 musis
640 947 751 1020 Cesar,
769 945 905 1022 majorem
917 945 1020 1014 Gellio
1032 957 1142 1006 motum
1158 968 1204 1006 ex·

224 1039 365 1106 spectans,
378 1046 428 1104 per
450 1025 492 1084 lt.
514 1027 655 1096 Silenum,
676 1027 711 1084 C.
725 1025 884 1090 Antistium
904 1023 1062 1100 Reginum,
1085 1025 1122 1083 T.
1137 1027 1203 1086 Sex·

222 1109 304 1178 tium,
337 1107 455 1182 legatos,
483 1104 620 1164 dilectum
653 1106 759 1168 ¹bebere
794 1103 937 1162 instituit:
970 1102 1054 1160 simul
1088 1104 1125 1160 ab
1150 1105 1201 1162 Cn.

223 1185 358 1261 Pompeio
389 1184 558 1261 proconsule
591 1185 670 1259 petit,
700 1182 834 1257 quoniam
855 1182 924 1258 ipse
951 1182 987 1238 sd
1013 1181 1114 1240 urbem
1141 1202 1201 1240 cum

189 1271 207 1323 5
223 1263 341 1340 imperio
362 1263 542 1340 ReIpublicae
560 1263 647 1320 causi
665 1261 803 1327 maneret,
817 1279 887 1335 ques
900 1279 936 1318 ex
949 1259 1097 1336 Cisalpini
1109 1261 1202 1318 Gallis

210 1343 349 1416 ¹consulis
369 1350 548 1399 sacramento
568 1339 731 1414 rogavisset,
746 1339 782 1396 ad
802 1339 887 1414 signe
905 1338 1058 1396 convenire
1076 1350 1105 1396 et
1126 1339 1162 1400 ad
1175 1359 1202 1398 se

222 1419 363 1492 proficisci
375 1418 503 1494 juberet:
524 1417 621 1492 magni
640 1418 776 1484 interesse
790 1415 877 1474 etiam
897 1417 927 1472 in
941 1417 1081 1494 reliquum
1094 1428 1202 1494 ternpus

222 1497 257 1552 ad
281 1496 444 1572 opinionem
464 1495 566 1552 Gulliae
589 1494 765 1567 existimans,
785 1505 879 1552 tantus
897 1493 987 1552 videri
1004 1495 1096 1554 Iulia
1119 1497 1203 1556 facul·

222 1583 304 1641 tates,
329 1583 369 1641 ut,
391 1573 504 1650 siquid
527 1584 602 1630 esset
626 1573 655 1631 in
679 1574 753 1632 bello
776 1572 939 1632 detrimenti
963 1575 1130 1651 acceptumss
1148 1595 1201 1634 nou

174 1657 207 1710 10
222 1650 306 1710 modo
321 1652 351 1708 id
371 1652 449 1710 brevi
462 1663 588 1729 tempore
608 1653 718 1721 sarciri,
732 1652 882 1713 sedetiam
895 1652 1050 1728 majoribus
1069 1654 1201 1731 adaugeri

222 1731 311 1808 copiis
324 1742 427 1808 posset.
467 1732 556 1794 Quod
576 1751 663 1808 quum
683 1731 836 1808 Pompeius
848 1741 877 1789 et
894 1729 1074 1808 Reipublicae
1089 1744 1118 1790 et
1139 1734 1202 1791 sini·

222 1811 297 1870 citite
321 1811 474 1879 tribuisset,
499 1811 629 1868 celeriter
655 1812 787 1870 confecto
809 1830 859 1887 per
885 1829 951 1867 suos
975 1811 1092 1878 dilectu,
1116 1811 1202 1870 tribus

223 1901 288 1948 ente
310 1901 441 1948 exactam
459 1890 591 1966 hyemem
611 1901 640 1948 et
661 1890 821 1948 constitutis
834 1899 863 1946 et
884 1889 1014 1946 adductis
1034 1889 1201 1966 legionibus,

222 1969 423 2046 duplicatoque
442 1987 541 2026 esrum
554 1968 713 2027 cohortium
726 1987 854 2039 numero,
868 1986 938 2042 ques
956 1985 1022 2025 eum
1035 1968 1075 2030 Q
1090 1967 1203 2028 Titurio

177 2052 206 2103 15
223 2045 364 2114 amiserat,
378 2057 407 2103 et
428 2046 573 2104 celeritate
586 2056 615 2103 et
636 2045 726 2122 copiis
747 2047 853 2118 docuit,
867 2045 935 2120 quid
956 2045 1056 2122 Populi
1078 2046 1202 2106 Romani

222 2125 373 2200 disciplina
387 2133 471 2198 atque
483 2143 551 2199 opes
564 2133 686 2198 possent.

261 2201 301 2257 11.
343 2201 497 2272 Interfecto
521 2201 726 2268 Indutiomaro,
741 2213 772 2259 ut
791 2202 951 2274 docuimus,
967 2204 1002 2260 ed
1017 2203 1080 2279 ejus
1092 2205 1199 2281 propin·

216 2277 290 2352 'quos
305 2276 463 2335 aTreviris
484 2277 633 2356 imperium
655 2280 788 2337 defertur.
830 2281 875 2338 Illi
898 2281 1033 2340 linitImos
1045 2283 1204 2342 Germanos

137 2369 141 2376 '
221 2355 382 2427 sollicitare,
406 2365 435 2414 et
457 2357 609 2432 pecuniam
633 2357 760 2434 polliceri
783 2377 841 2417 non
864 2359 1025 2418 desistunt:
1053 2379 1141 2439 quum
1168 2364 1204 2420 sb

170 2439 205 2492 20
220 2433 355 2512 proximis
369 2435 519 2512 impetrare
533 2456 590 2496 non
610 2447 735 2513 possent,
749 2438 896 2496 ulteriores
915 2449 1034 2497 tentent.
1076 2439 1204 2500 Inventis

220 2514 365 2574 ¹nonnullis
380 2513 560 2585 ciuitatibus,
572 2515 756 2594 jurejurando
777 2517 850 2574 inter
863 2535 894 2574 se
907 2518 1086 2586 confirmant,
1100 2518 1204 2577 obsidi-

221 2596 329 2671 busque
352 2595 388 2652 de
414 2595 539 2671 meursii
565 2606 688 2654 cavent:
720 2596 916 2670 Ambiorigem
940 2596 994 2652 sibi
1017 2597 1153 2656 societate
1177 2609 1203 2655 el

220 2675 326 2732 foedere
341 2673 508 2750 adjungunt.
549 2674 666 2735 Quibus
679 2675 764 2731 rebus
777 2674 908 2749 cognitis,
923 2674 1029 2742 Caesar,
1041 2691 1129 2748 quum
1152 2695 1202 2734 un·

221 2753 305 2826 dique
324 2751 429 2808 bellum
470 2751 543 2808 arari
562 2752 679 2818 videret,
698 2751 828 2818 Nervios,
850 2753 1025 2820 Aduatucos,
1040 2751 1202 2828 Menapios,

169 2835 204 2886 25
221 2829 362 2904 adjunctis
392 2771 579 2884 Cisrbenenis
605 2830 737 2886 omnibus
766 2830 928 2898 Germanis,
955 2845 1016 2888 esse
1042 2830 1072 2887 iu
1106 2832 1204 2900 armis,

221 2909 349 2965 Senones
364 2905 399 2963 ad
420 2905 589 2982 Imperetum
609 2927 667 2964 non
680 2906 786 2974 venire,
801 2918 830 2966 et
849 2927 916 2966 cum
930 2909 1105 2969 Carnutibus
1117 2909 1205 2968 finiti·

220 2988 328 3062 misque
340 2984 501 3043 civitatibus
511 2985 631 3043 consilia
642 2986 864 3054 communicare,
876 3007 893 3046 a
906 2987 1035 3046 Treviris
1045 2991 1204 3048 Germanos

219 3065 327 3120 crebris
347 3063 537 3140 legationibus
558 3064 720 3130 sollicitarit
748 3064 886 3124 maturius
906 3066 960 3124 sibi
982 3068 1107 3126 debello
1127 3070 1205 3144 cogi-

154 3145 157 3152 ’
218 3143 337 3200 tandum
351 3140 468 3216 putavit.

168 3226 203 3278 30
243 3265 245 3272 .
259 3219 317 3279 ΙΙΙ.
357 3219 459 3296 ltaque
473 3220 600 3276 nondum
614 3222 716 3296 hyeme
727 3223 867 3290 confecti,
881 3223 1016 3299 proximis
1030 3225 1074 3282 IV
1085 3224 1205 3300 legioni-

220 3303 272 3359 bus
293 3299 410 3367 coactis,
425 3298 461 3356 de
481 3296 631 3374 improviso
652 3299 681 3357 in
703 3301 774 3358 sines
794 3299 963 3360 Nerviorum
977 3303 1142 3371 contendit;
1165 3315 1204 3370 et,

218 3380 298 3451 priris
317 3377 403 3456 qudm
424 3376 464 3434 illi
486 3385 535 3434 aut
555 3379 707 3436 convenire
721 3389 770 3436 aut
789 3380 938 3455 profugere
958 3387 1081 3454 possent,
1096 3397 1206 3454 magno

218 3458 330 3527 pecoris
346 3469 430 3534 etque
444 3454 592 3515 hominum
612 3475 732 3515 numero
744 3467 837 3533 capto,
853 3469 935 3532 atque
947 3457 982 3512 et
994 3455 1092 3534 predii
1105 3457 1204 3520 militi-

219 3530 272 3586 bus
293 3537 440 3603 concessi,
462 3534 632 3610 vestatisque
652 3535 735 3612 egris,
757 3535 787 3592 iu
806 3535 977 3593 deditionem
998 3533 1096 3591 venire
1118 3549 1203 3612 atque

168 3611 202 3664 35
217 3607 331 3666 obsides
358 3612 412 3668 sibi
438 3613 506 3672 dere
533 3612 638 3688 coegit.
691 3614 735 3672 Ilo
761 3612 890 3671 celeriter
916 3610 1048 3668 confecto
1074 3617 1200 3690 negotio,

218 3704 315 3744 rursus
333 3685 461 3762 legiones
482 3691 512 3748 in
535 3692 664 3766 hyberna
686 3692 805 3759 reduxit.
846 3688 977 3748 Concilio
989 3688 1092 3749 Gallie
1111 3693 1202 3769 primo

218 3783 293 3832 vere,
308 3761 350 3821 uti
371 3763 541 3836 instituerat,
562 3769 687 3838 indicto„
701 3789 787 3844 quum
807 3767 917 3842 reliqui,
937 3779 1040 3844 preter
1061 3771 1200 3839 Senones,

218 3843 370 3908 Carnutes,
384 3838 574 3917 Trevirosqne
594 3847 747 3913 venissent,
761 3846 873 3904 initium
893 3845 962 3904 belli
980 3863 1015 3907 so
1032 3848 1201 3910 defectionis
