2590 4424
656 167 668 198 ι

440 273 716 406 'murmane
1080 317 1121 378 η

53 447 56 519 1
90 432 562 546 emmerammianos
579 449 866 539 nequeam
882 449 1070 510 meeum

90 544 210 609 quatum
222 533 345 608 reliquas
358 530 389 588 in
401 541 496 588 eastra
507 546 615 604 majora
626 530 748 586 reduxit.

131 611 165 670 L
205 611 338 668 Proximo
356 609 415 677 die,
436 608 563 666 instituto
585 626 647 674 suo,
668 605 765 663 Cesar
786 624 803 664 e
824 605 925 664 cassis
944 604 1071 681 utrisque

90 689 188 766 eomas
201 708 268 746 suas
279 687 379 746 eduxit
389 707 398 756 3
418 685 589 762 paulumque
601 704 618 741 a
629 684 784 760 majoribus
793 691 967 760 ptbgressus,
979 685 1070 742 aciem

90 768 233 834 instruxit,
244 767 427 840 hostibusque
439 763 587 840 pugnandi
597 772 764 838 potestatem
778 753 858 828 sebit,
895 762 953 820 Ubi
962 782 1000 820 ne
1009 775 1070 821 tum
1097 773 1115 825 5

89 847 205 922 quidem
218 865 268 903 eos
287 844 400 920 prodire
414 842 562 908 intellexit,
575 841 689 898 circiter
709 839 857 898 meridiem
870 841 1028 898 exercitum
1040 842 1070 900 in
1202 867 1206 876 ’

90 935 185 982 castra
210 923 330 980 reduxit
384 921 464 978 Tum
488 921 604 976 demum
630 918 790 976 Ariovistum
821 929 930 993 partem
956 915 1071 978 suarum

90 1002 248 1078 copiarum,
274 1019 337 1075 quae
363 1009 457 1056 castra
488 997 598 1056 minora
623 1007 809 1071 oppugnaret,
836 996 934 1053 misit:
968 997 1071 1054 acriter

90 1081 223 1154 utrinque
236 1098 325 1153 usque
339 1079 375 1134 ad
386 1095 533 1152 vesperum
545 1084 703 1150 pugnatum
713 1085 764 1132 est
806 1074 881 1132 Solis
889 1093 995 1132 eccam
1005 1093 1071 1134 suas

90 1157 190 1234 copias
210 1157 379 1223 Ariovistus,
393 1155 488 1212 multis
508 1163 537 1210 et
558 1151 643 1210 illatis
663 1162 692 1208 et
713 1151 839 1226 acceptis
851 1152 1024 1221 vulneribus,
1040 1153 1116 1218 iulo

91 1247 186 1294 caera
205 1235 327 1292 reduxit.
372 1234 533 1295 Quumex
555 1229 681 1306 eaptivisj
696 1240 834 1304 quereret
856 1229 963 1298 Cesar,
986 1250 1072 1305 quam

90 1315 128 1372 ob
153 1333 214 1371 rem
238 1312 397 1370 Ariovistus
419 1310 517 1386 praelio
541 1328 600 1366 non
622 1309 791 1374 decertaret,
816 1309 891 1366 hane
914 1309 1073 1384 reperiebat

91 1410 227 1450 causam:
248 1390 324 1466 quod
339 1390 412 1465 apud
425 1389 629 1446 Germanosea
637 1387 814 1444 consuetudo
826 1397 910 1454 esset,
924 1398 957 1444 ut
968 1397 1073 1445 matres

92 1469 205 1528 samiliae
225 1487 323 1527 eorum
337 1468 458 1525 sortibus
471 1477 501 1523 et
513 1464 763 1522 vaticinationibus
775 1463 963 1533 declararent,
978 1464 1073 1524 utrium

91 1549 221 1623 prelium
246 1546 384 1604 committi
409 1565 446 1602 er
471 1563 526 1602 usu
551 1553 636 1610 esset,
659 1562 715 1610 nec
737 1561 794 1601 ne:
822 1562 872 1602 eas
895 1543 935 1601 ita
956 1544 1118 1618 dicere215

94 1625 184 1682 ‘Non
206 1643 269 1681 esse
295 1625 338 1680 fas
359 1624 519 1680 Germanos
544 1639 687 1698 superare,
711 1620 735 1678 si
759 1631 825 1680 ante
848 1641 951 1680 novam
975 1622 1073 1681 lunam

93 1703 193 1778 praelio
205 1702 439 1759 contendissent’

132 1779 183 1852 LI.
225 1779 364 1837 Postridie
384 1779 447 1854 ejus
466 1779 525 1836 diei
545 1778 642 1836 Caesar
666 1777 798 1854 praesidio
818 1777 943 1853 utrisque
963 1779 1072 1846 cestria

92 1860 167 1935 quod
180 1857 250 1916 satis
262 1877 325 1916 esse
338 1857 430 1920 visum
442 1867 495 1925 est,
508 1857 638 1932 reliquit;
651 1875 751 1915 omnes
761 1856 864 1914 alarios
876 1856 907 1913 in
920 1868 1075 1932 conspectu

94 1937 216 1996 hostium
228 1957 279 2012 pro
292 1936 392 1994 eastris
405 1936 562 1994 minoribus
580 1935 736 2018 conptituit,
750 1933 827 2009 qudd
840 1933 936 1992 minias
949 1936 1075 1993 multitu·
1083 1941 1119 1996 2⁰

94 2016 161 2073 dine
180 2015 302 2072 militum
323 2015 543 2090 legionariorum
555 2033 607 2090 pro
627 2013 750 2072 hostium
770 2032 890 2072 numero
909 2014 1030 2081 valebat,
1043 2026 1076 2072 ut

95 2094 131 2150 ad
153 2094 279 2169 speeiem
305 2093 400 2151 alariis
422 2103 558 2150 uteretur.
607 2091 686 2181 lpse,
709 2091 814 2167 triplici
840 2092 978 2150 instructi
1002 2093 1074 2190 acie,

93 2173 236 2308 erle?
251 2170 756 2325 tttlffittbtsbt
774 2171 1075 2325 3¹3„th

94 2328 254 2396 stituerunt,
282 2327 452 2404 paribusque
477 2327 642 2395 intervallis,
669 2327 813 2395 Harudes,
843 2327 1120 2398 Marcomannos,25

94 2406 262 2472 Triboccos,
280 2405 456 2482 Vangiones,
471 2406 618 2473 Nemetes,
633 2406 786 2475 ,Sedusios
800 2407 929 2477 Suevos3
948 2428 1076 2466 omnem·

92 2503 149 2558 que
163 2485 256 2540 aciem
268 2503 349 2539 suam
362 2483 458 2539 rhedis
470 2495 500 2540 et
512 2483 601 2540 carris
618 2484 878 2552 circumdederunt,
892 2506 929 2542 ne
942 2506 999 2562 qua
1011 2507 1076 2564 spes
1136 2522 1140 2534 ·

94 2563 124 2618 iu
146 2562 214 2636 suge
237 2561 450 2635 relinqueretur.
501 2559 546 2618 Εὸ
569 2561 701 2620 mulieres
723 2563 926 2638 imposuerunt,
950 2582 1013 2639 quae
1044 2565 1075 2622 in

92 2639 222 2714 prelium
235 2639 448 2714 proficiscentes
461 2637 565 2696 milites
577 2640 668 2715 passis
687 2642 820 2700 manibus
832 2641 933 2700 flentes
946 2642 1076 2717 implora·
1094 2679 1098 2686 ·

94 2719 173 2784 bant,
187 2737 268 2774 nese
282 2717 312 2774 in
326 2718 489 2775 servitutem
503 2717 646 2778 Romame.
658 2720 810 2777 traderent
903 2753 918 2784 -,
941 2761 964 2776 -,
1003 2765 1008 2772 .
1039 2726 1121 2782 ··ao

133 2795 200 2852 LII.
241 2795 338 2854 Caesar
359 2797 479 2872 singulis
498 2797 660 2872 legionibus
679 2797 807 2873 singtdos
818 2798 927 2875 legatos
944 2810 974 2858 et
985 2818 1075 2875 quater

92 2885 184 2932 torem
202 2875 339 2949 praeseoit,
359 2873 402 2932 uti
421 2885 501 2933 eost
599 2895 658 2932 suae
677 2877 796 2951 quisque
818 2877 929 2936 virtutis
948 2880 1073 2936 heberet

93 2951 161 3028 Ipse
172 2953 300 3010 adesrro
309 2972 408 3019 comu,
419 2953 495 3027 quod
506 2973 522 3010 e
582 2965 691 3028 partem
702 2953 821 3012 minime
831 2956 941 3013 firmam
952 2957 1075 3014 hostium

30 3059 33 3062 ·
92 3050 157 3088 esse
171 3031 299 3088 animum
310 3032 478 3099 adverterat,
488 3031 618 3106 praelium
628 3033 779 3090 commisit.
820 3033 1076 3093 Itanostriaeriter

93 3109 124 3165 in
135 3109 238 3176 bostes,
253 3109 336 3185 signo
345 3110 421 3176 dato,
433 3110 569 3184 impeturn
582 3111 730 3168 fecerunt:
751 3111 846 3186 itaque
856 3114 950 3170 bostes
957 3107 1074 3190 repente
1085 3119 1121 3172 35
1244 3083 1252 3104 ⁸

91 3188 278 3262 celeriterque
289 3199 498 3263 procurrenmt,
510 3199 542 3244 ut
551 3189 674 3264 spatium
685 3189 744 3264 pila
754 3189 784 3246 in
798 3192 892 3248 bostes
902 3192 1076 3267 conjiciendi

92 3285 151 3324 non
164 3266 289 3323 daretur.
330 3265 461 3340 Rejectis
479 3267 554 3341 pilis,
571 3267 702 3324 cominus
714 3267 818 3343 gladiis
836 3281 992 3344 pugnatum
1012 3279 1075 3324 est:

93 3355 124 3401 at
144 3344 292 3411 Germani,
314 3343 444 3401 celeriter
462 3363 499 3400 ex
520 3346 728 3402 consuetudine
752 3347 804 3404 suri
822 3347 964 3422 phalange
988 3345 1075 3413 facti,

93 3424 216 3496 impetus
228 3422 388 3498 gladiorum
401 3432 584 3496 exceperunt.
625 3423 745 3500 Reperti
763 3435 829 3482 sunt
841 3423 1000 3498 complures
1012 3444 1077 3483 nos-

92 3500 131 3558 tri
157 3500 269 3568 milites,
296 3501 344 3574 qui
371 3500 402 3556 in
424 3500 582 3575 phalangas
608 3501 758 3569 insilirent,
783 3513 813 3558 et
837 3511 920 3558 scuta
944 3504 1121 3564 manibuslo

92 3577 262 3636 revellerent
280 3590 311 3635 et
325 3580 447 3654 desuper
467 3578 656 3636 vulnerarent.
696 3580 798 3642 Quum
818 3579 942 3638 bostium
963 3583 1041 3640 acies
1059 3601 1078 3638 a

29 3667 33 3674 '
92 3655 210 3714 sinistro
222 3675 310 3713 cornu
329 3657 412 3733 pulsa
432 3666 516 3730 atque
530 3656 560 3712 in
574 3657 671 3733 lugam
690 3676 829 3714 conversa
842 3671 927 3727 emet,
941 3680 960 3717 a
978 3661 1078 3717 denuo

91 3753 185 3793 cornu
212 3735 392 3793 vehementer
412 3733 594 3792 multitudine
614 3754 728 3792 urorum
754 3745 880 3795 nosuam
900 3738 992 3796 aciem
1014 3756 1077 3814 pre

92 3814 221 3872 mebant
262 3811 297 3870 Id
318 3833 406 3888 quum
432 3811 677 3872 animadvertisset
699 3811 732 3871 Ρ.
756 3813 878 3874 Cursus
900 3817 1076 3886 adolescens,
