2562 4412
433 339 541 396 uultu
555 337 729 396 OCTAVUS.
1070 351 1131 418 ιη

90 485 134 564 (id
155 483 237 542 enirn
257 481 347 544 nullia
367 483 502 558 operibus
520 485 598 546 effici
617 488 755 566 mat.)
774 489 829 548 nd
845 507 910 566 qus
931 505 1078 568 aperiret

88 563 176 622 tantu
197 562 353 637 fastigium.
403 561 448 622 Ex
466 563 603 638 eiquurn
623 565 681 624 tela
699 568 847 626 tormentis
864 570 1027 645 jacerentur
1040 575 1077 632 ad

88 641 175 704 fontis
199 642 304 708 aditus,
318 658 374 698 nec
396 640 461 701 sine
477 643 605 716 periculo
627 655 742 718 possem
764 646 908 722 danuam.
921 651 1077 726 oppidania

88 740 146 780 nou
160 719 275 780 tanturn
288 736 393 795 pecora
404 731 487 794 atque
497 721 638 795 jumenta,
651 723 801 782 sedetiam
814 744 920 802 magna
929 729 1077 792 hominurn

88 799 242 856 multitudo
255 798 302 854 siti
311 795 546 860 'consumebatun
1107 817 1127 872 s

125 877 227 938 XLII,
268 875 339 938 Quo
365 876 440 938 mulo
464 877 605 952 perterriti
626 880 764 956 oppidani
785 900 876 958 cupas
897 903 974 952 sero,
999 884 1075 961 pice,

88 955 227 1014 scindulis
235 955 398 1030 complente
418 974 468 1014 eas
477 957 646 1016 ardentesin
654 977 741 1036 opera
750 961 924 1037 provolvunt.
966 963 1076 1023 Eodem

88 1044 214 1110 ternpore
242 1032 381 1092 acerrime
405 1034 577 1109 preliantur,
601 1047 634 1096 ut
656 1037 693 1094 ab
712 1038 851 1097 'incendio
872 1041 1076 1118 restinguendo

9 1109 10 1118 ’
86 1113 273 1172 dimicatione
286 1122 316 1172 st
325 1112 453 1188 periculo
465 1114 627 1194 deterreant
636 1114 793 1194 Romanos.
835 1117 944 1196 Magna
957 1120 1074 1197 repenti

86 1189 116 1248 in
131 1191 200 1266 ipsis
209 1191 344 1266 operibus
355 1190 469 1250 flamma
476 1193 592 1254 sintita
631 1193 909 1272 Quecmqussnim
919 1218 969 1276 per
979 1200 1074 1258 locum
1091 1207 1125 1262 tt)

85 1269 261 1345 precipitem
276 1268 362 1328 missa
382 1281 474 1337 eram,
487 1289 533 1339 ea,
547 1271 638 1330 riuus
657 1285 687 1330 et
700 1293 805 1351 aggere
824 1295 984 1352 suppressa,
998 1297 1075 1338 com-

85 1349 301 1423 prehendebant
328 1347 357 1404 id
390 1349 492 1424 ipsurn,
521 1351 596 1424 quod
629 1353 799 1412 morabatur.
822 1354 949 1414 Milites
973 1356 1074 1417 count

86 1427 186 1493 nestri,
213 1445 376 1502 quanquam
393 1427 562 1501 'periculoso
589 1447 696 1504 genere
721 1431 812 1507 prelii
834 1433 954 1509 iocoque
976 1435 1075 1511 iniquo

85 1506 297 1580 premebantur,
319 1515 416 1565 temen
435 1506 533 1564 omnia
555 1509 735 1581 paratissimo
757 1511 937 1571 sustinebant
958 1514 1072 1573 animo:

84 1601 132 1640 res
145 1583 223 1640 euim
243 1583 395 1659 gerebatur
407 1595 437 1642 et
448 1583 563 1642 excuso
581 1585 655 1652 loco,
669 1598 698 1644 et
716 1588 746 1644 in
760 1601 916 1665 conspectu
930 1594 1073 1652 exercitiis
1089 1593 1123 1655 tt

85 1661 197 1729 nostri;
228 1679 405 1738 magnusque
431 1663 564 1737 utrinque
590 1663 697 1722 clamor
719 1666 871 1729 oriebatur.
918 1669 965 1726 lta
986 1671 1072 1744 quim

85 1740 204 1815 quisque
218 1749 327 1815 poterat
337 1739 462 1798 maxime
477 1740 606 1816 insignis,
615 1741 673 1816 qud
687 1743 779 1802 notior
789 1745 971 1820 testatiorque
984 1749 1073 1804 virtus

85 1818 145 1894 ejus
158 1829 244 1885 esset,
259 1819 323 1876 telis
337 1819 459 1876 huetium
474 1819 651 1898 flammaeque
664 1840 696 1877 se
708 1821 875 1880 efferebant.

123 1897 240 1956 XLIII.
281 1896 379 1954 Caesar
401 1917 489 1974 quum
513 1899 673 1974 complures
698 1919 765 1957 suos
788 1900 930 1960 vulnerari
953 1901 1070 1971 rideret,
1124 1951 1126 1958 ,

86 1994 119 2034 er
130 1975 267 2034 omnibus
286 1976 383 2051 oppidi
404 1976 532 2052 partibus
545 1979 676 2036 cohortes
696 1990 821 2036 montem
846 1980 1011 2051 ascendere,
1030 1991 1069 2050 st,
1085 1981 1122 2044 w

85 2055 265 2113 simulatione
279 2054 416 2116 incenium
428 2057 671 2131 occupandorum,
686 2057 840 2116 clamorem
854 2058 979 2134 undique
990 2060 1072 2136 jubet
1114 2109 1118 2120 .

85 2133 189 2192 tollere.
212 2129 303 2202 ,Quo
323 2133 399 2191 facto
420 2135 559 2209 perterriti
578 2135 724 2211 oppidani,
738 2155 835 2212 quum,
857 2137 926 2214 quid
941 2149 1071 2216 ageretur

86 2211 199 2270 inlocis
223 2211 347 2286 reliquis,
372 2223 467 2270 essent
484 2212 587 2289 ignari,
605 2215 735 2291 suspensi
756 2227 891 2276 remeant
904 2218 940 2276 ab
962 2217 1072 2296 impug-

85 2291 188 2350 studia
208 2289 344 2365 operibus
368 2302 500 2358 armatos,
525 2293 668 2367 murisque
692 2293 854 2370 disponunt
900 2295 946 2356 Ita
971 2297 1070 2365 nostri,

85 2367 140 2428 fine
160 2368 251 2445 prrelii
274 2368 358 2436 sacto,
373 2369 503 2427 celeriter
515 2389 602 2444 opera
615 2371 730 2428 flamma
751 2375 955 2447 comprehensa
968 2377 1069 2450 partim
1085 2383 1121 2437 85

84 2448 274 2524 restinguunt,
289 2447 390 2522 partim
411 2446 628 2506 interscindunt.
668 2449 769 2509 Quum
789 2451 972 2524 pertinaciter
989 2454 1072 2510 resis-

84 2536 176 2586 terent
197 2526 342 2602 oppidani,
353 2537 391 2597 st,
410 2525 470 2601 jam
491 2527 596 2601 magni
615 2537 696 2601 parte
708 2544 824 2584 suorum
843 2527 890 2584 siti
911 2529 1025 2596 arnissd,
1040 2532 1069 2588 in
1174 2576 1178 2583 .

84 2605 226 2664 senteutid
240 2615 457 2680 permanereut;
480 2605 515 2662 ad
535 2615 708 2680 postremum
728 2605 872 2662 cuniculis
884 2624 964 2662 venre
986 2606 1071 2664 fontis

85 2681 226 2742 intercisas
249 2693 316 2740 suut
340 2694 423 2758 atque
448 2702 561 2740 aversae.
606 2683 677 2744 Qun
698 2682 773 2740 facto
795 2682 913 2759 repente
936 2684 1071 2760 perennis

84 2762 195 2834 exaruit
218 2762 290 2827 fons,
311 2772 475 2836 tantamque
500 2761 593 2818 attulit
611 2761 761 2838 oppidanis
780 2762 880 2820 salutis
899 2762 1070 2837 desperatio-
1082 2769 1120 2824 ω

85 2858 159 2907 uem,
182 2851 214 2898 ut
241 2840 271 2896 id
294 2855 353 2896 unu
379 2840 526 2898 hominum
550 2840 680 2908 oonsilio,
703 2841 753 2898 sed
777 2841 903 2899 Deorum
927 2842 1070 2899 voluntate
1165 2907 1167 2911 y
1204 2833 1208 2840 ⁴

86 2919 192 2976 sactum
213 2928 355 2992 putarent.
397 2917 507 2993 Itaque,
522 2919 692 2978 necessitate
713 2922 817 2987 coacti,
831 2940 862 2990 se
882 2921 1068 2978 tradiderunt

123 2997 234 3056 XLIV.
276 2995 385 3065 Cesar,
405 3015 492 3072 quum
507 3017 587 3054 suam
608 2997 755 3054 lenitatem
773 2997 916 3074 cognitum
937 2997 1070 3056 omnibus

84 3074 179 3142 sciret,
193 3093 287 3150 nsque
308 3085 460 3142 vereretur,
474 3093 511 3132 ne
532 3076 600 3150 quid
614 3074 782 3132 crudelitate
803 3087 911 3135 naturta
929 3076 1071 3134 rideretur

85 3152 212 3228 asperius
234 3153 345 3220 secisse,
367 3171 459 3228 neque
477 3153 584 3211 exitum
605 3153 787 3212 consiliorum
808 3175 923 3213 suorum
944 3154 1071 3213 animad-
1084 3161 1120 3215 ὅ

84 3243 214 3301 verteret,
227 3230 311 3288 uitali
325 3231 433 3288 ratione
448 3232 565 3288 diversis
579 3232 609 3289 iu
620 3233 690 3290 locis
704 3233 798 3308 plures
806 3233 942 3292 rebellare
950 3231 1071 3290 consiliu

84 3309 224 3378 inissem
245 3309 375 3385 exemplo
395 3309 527 3386 supplicii
547 3310 731 3368 deterrendos
751 3312 873 3387 reliquos
890 3309 1068 3370 existimarit·
1093 3327 1109 3358 ⁰

83 3387 184 3464 Itaque
206 3389 350 3455 omnibus,
370 3387 420 3463 qui
442 3407 520 3448 arma
539 3389 672 3456 tulerant,
695 3407 796 3446 manus
814 3387 962 3465 praecidit3
983 3386 1070 3448 vitum

82 3468 235 3533 concessit,
249 3465 306 3541 qud
329 3467 457 3526 testatior
480 3478 555 3526 esset
576 3485 661 3542 poena
681 3467 879 3542 improborum.
928 3465 1068 3543 Drappes,

81 3565 167 3620 utrem
201 3555 317 3620 captum
349 3564 412 3602 essa
437 3563 454 3602 a
480 3545 605 3603 Caninio
633 3544 729 3611 docui,
756 3544 816 3602 sire
845 3543 1015 3620 indignitate
1041 3557 1071 3608 et
1085 3553 1120 3609 to
1200 3606 1204 3612 ,

80 3625 179 3683 dciom
213 3622 402 3690 vinculorum,
430 3622 489 3679 sire
515 3622 617 3681 timore
643 3622 779 3698 gravioris
801 3621 943 3699 nrpplicii,
969 3625 1070 3700 paucis

80 3703 186 3764 deum
197 3721 261 3762 sese
274 3702 341 3761 cibo
354 3698 500 3767 abstinuit,
516 3711 600 3775 atqua
613 3701 652 3760 ita
665 3698 779 3758 interiit
821 3699 932 3759 Eodem
944 3709 1070 3781 ternpore

80 3782 246 3848 mansius.
278 3799 364 3856 quern
393 3778 551 3918 §ningues
576 3797 613 3836 err
644 3777 742 3854 prelio
755 3803 760 3816 ,
773 3779 885 3856 scripsi,
918 3799 1005 3857 qnurn
1039 3779 1069 3866 iu

79 3859 386 3939 muntiant
423 3855 914 3934 manimiersbrdsnim
926 3855 1069 3917 mutand!
