2564 4422
221 349 223 352 ’
410 357 521 415 trouu
536 365 711 434 ocultus.
1054 377 1111 439 143

65 503 222 580 Explorato
252 503 377 562 bostium
404 507 533 577 oonsilio,
561 511 650 570 nostri
681 511 717 570 ad
740 513 938 590 ‘praeliandum
965 507 1060 576 animb

65 593 149 658 atque
165 583 252 641 armis
271 583 374 660 parati,
389 603 487 658 quum,
506 589 745 666 subsequentibus
765 591 936 668 legionibus,
950 597 1059 654 nullam

63 663 281 720 dimicationem
292 675 468 731 recusarent,
483 667 628 726 turmatim
640 669 670 726 in
684 688 750 727 eum
764 671 859 728 locum
872 673 1057 733 devenerunt.

61 740 198 802 Quorum
219 743 345 799 adventu
358 761 447 818 quum
460 742 516 800 sibi
529 745 654 806 Correus
674 748 800 806 oblatam
819 750 1001 809 occasionem
1015 754 1057 811 rei

62 820 198 896 gerenda
219 819 405 888 existimaret,
419 820 543 896 primirrrr
565 843 632 882 cum
651 826 752 902 paucis
773 847 804 884 se
823 829 957 899 ostendit,
973 841 1056 906 atque
1090 839 1109 892 5

63 899 253 974 inproximas
265 909 379 976 turmas¹
395 899 532 975 impeturn
546 903 622 960 fecit.
664 903 764 962 Nostri
784 917 948 964 constanter
961 906 1057 967 incur·

63 997 125 1034 sum
146 977 291 1035 sustinent
314 977 531 1050 insidiatorum
562 998 655 1058 neque
678 983 774 1058 plures
797 983 827 1041 in
851 1004 940 1043 unum
961 986 1056 1044 locum

63 1056 258 1114 conveniunt:
279 1055 356 1131 quod
369 1056 536 1133 plerumque
550 1061 728 1134 equestribus
745 1063 850 1138 praeliis
863 1061 931 1122 cirrn
944 1057 1056 1141 propter

63 1135 187 1210 aliquem
201 1135 333 1193 timorem
353 1136 468 1204 accidit,
483 1147 544 1194 turn
557 1139 739 1197 multitudine
760 1141 884 1216 ipsorum
903 1143 1057 1202 detrimen-

62 1224 123 1270 tum
138 1213 289 1289 accipitur.
749 1266 757 1281 ,
1075 1231 1104 1284 ιο
1178 1227 1181 1230 “

100 1291 189 1348 XIX.
229 1291 333 1352 Quum
354 1292 498 1368 dispositis
518 1296 619 1353 turmis
633 1297 757 1358 invicem
778 1298 835 1356 rari
848 1299 1053 1376 praeliarentur,

62 1389 155 1446 neque
177 1371 215 1428 ab
236 1370 372 1444 lateribus
393 1372 594 1431 circumveniri
611 1395 678 1434 suos
701 1387 881 1452 paterentur;
902 1391 1055 1456 erumpunt

62 1449 170 1516 ceteri,
189 1448 297 1506 Correo
314 1449 471 1525 preliante,
491 1468 527 1509 ex
540 1454 634 1528 sylvis.
676 1453 724 1512 Fit
744 1457 850 1532 magud
871 1458 1053 1516 contentione

61 1528 209 1584 diversum
221 1528 357 1603 praelium.
398 1526 487 1590 Quod
505 1549 593 1605 quum
606 1532 713 1590 diutius
733 1535 794 1610 pari
808 1534 902 1593 Marte
924 1535 1052 1606 iniretur,

61 1607 204 1682 paulatim
217 1624 253 1662 ex
270 1606 352 1682 sylvis
367 1607 506 1666 instructa
526 1611 679 1668 multitudo
695 1612 824 1687 procedit
837 1615 975 1688 pediturn,
989 1636 1052 1691 quse
1070 1625 1103 1677 1⁵

61 1697 175 1744 nostros
202 1684 279 1760 cogit
301 1683 404 1744 cedere
435 1687 566 1763 equites:
598 1689 701 1764 quibus
724 1690 854 1747 celeriter
881 1693 1053 1751 subveniunt

61 1765 130 1822 levis
155 1775 305 1822 armaturas
328 1765 448 1840 pedites,
476 1785 546 1842 quos
573 1779 639 1824 ante
665 1767 793 1843 legiones
820 1767 921 1826 missos
944 1769 1048 1838 docui3

62 1843 218 1919 turmisque
232 1854 389 1902 nostrorum
404 1844 572 1920 interpositi,
587 1857 750 1903 constanter
763 1847 935 1922 praeliantur.
977 1847 1052 1925 Pug-

62 1933 144 1981 natur
159 1922 326 1998 aliquandiu
339 1923 401 2000 pari
411 1924 611 1984 contentione:
633 1925 748 1992 deinde,
764 1935 795 1982 ut
805 1925 1051 2002 ratiopostulabat

62 2002 160 2076 praelii,
174 2001 224 2078 qui
244 2003 439 2062 sustinuerant
458 2003 564 2079 primos
579 2003 710 2080 impetus,
722 2003 899 2073 insidiarum,
915 2007 969 2072 hoc
991 2005 1051 2081 ipso
1067 2014 1103 2067 20

62 2080 133 2138 liunt
156 2081 326 2157 superiores,
345 2081 422 2157 quod
443 2082 553 2139 nullum
576 2084 611 2140 ab
633 2083 835 2141 insidiantibus
857 2084 1052 2160 imprudentes

63 2170 233 2236 acceperant
243 2160 454 2218 detrimentum.
498 2163 652 2220 Accedunt
661 2162 778 2239 propiirs
789 2162 902 2220 interim
913 2163 1050 2240 legiones,
1063 2215 1064 2220 ,

63 2239 209 2316 crebrique
230 2239 332 2296 eodem
354 2250 480 2315 ternpore
497 2251 526 2298 et
547 2241 651 2300 uostris
671 2243 704 2299 et'
714 2241 842 2300 hostibus
862 2242 962 2300 nuncii
984 2243 1052 2301 affe·

62 2329 170 2386 runtur,
180 2319 379 2393 imperatorem
394 2317 540 2376 instructis
548 2319 638 2396 copiis
652 2321 759 2378 adesse.
801 2321 872 2382 Qut
883 2341 913 2378 re
924 2321 1049 2398 cogniti,

62 2397 192 2471 praesidio
213 2397 372 2454 cohortium
387 2397 488 2455 confisi
509 2399 598 2455 nostri
613 2397 751 2455 acerrime
772 2399 945 2474 preliantur,
960 2420 1007 2468 ne,
1027 2401 1051 2458 si
1067 2409 1102 2462 25
1150 2425 1154 2440 ·

62 2475 170 2533 tardius
189 2495 250 2533 rem
272 2475 436 2550 gessissent,
451 2477 576 2534 victorie
597 2475 718 2551 gloriam
738 2476 966 2532 commuuictsse
984 2497 1052 2535 cum

62 2553 222 2629 legionibus
235 2553 408 2612 viderentur.
449 2553 555 2613 Hostes
576 2553 733 2611 concidunt
754 2552 867 2624 animis,
886 2564 969 2628 atque
988 2555 1053 2611 itin·

62 2633 156 2690 eribus
177 2633 297 2690 diversis
315 2632 413 2710 sugam
434 2644 571 2710 quaerunt.
609 2631 840 2706 ¹Nequidquam:
861 2650 929 2688 nam
949 2632 1052 2706 quibus

62 2711 277 2769 difficultatibus
298 2711 424 2770 locorum
447 2713 595 2770 Romanos
616 2711 750 2768 claudere
771 2710 927 2777 voluerant,
943 2709 977 2766 iis
998 2709 1052 2785 ipsi

63 2792 251 2848 tenebantur:
279 2791 347 2847 victi
368 2803 465 2848 tamen
488 2789 677 2866 perculsique,
700 2789 806 2866 majore
832 2800 912 2865 parte
937 2789 1051 2856 amissit,
1067 2797 1103 2850 30

63 2869 116 2946 qud
131 2870 189 2928 sors
203 2871 317 2936 tulerat,
339 2869 514 2944 consternati
528 2869 702 2946 profugiunt,
723 2868 827 2944 partim
841 2868 926 2944 sylvis
946 2868 1051 2944 petitis,

62 2949 163 3024 partim
178 2948 317 3017 flumine3
338 2949 387 3023 qui
400 2959 497 3006 tamen
512 2949 541 3004 in
556 2947 624 3023 lugat
639 2968 655 3005 a
668 2947 772 3004 nostris
786 2947 889 3004 acriter
903 2947 1053 3022 insequen-

63 3028 136 3085 tibus
162 3027 376 3086 conficiuntur:
411 3047 498 3102 quum
526 3027 639 3084 interim
666 3025 745 3083 nullst
772 3026 935 3082 calamitate
962 3026 1054 3082 victus

63 3105 185 3164 Correus
203 3106 346 3163 excedere
366 3107 472 3181 prelio,
492 3106 639 3181 sylvasque
660 3115 766 3180 petere,
787 3113 845 3172 aut,
868 3099 1054 3162 invitantibus

62 3185 165 3242 uostris
174 3187 211 3242 ad
220 3185 406 3252 deditionem,
414 3177 506 3260 potuit
520 3183 635 3251 adduci,
644 3184 723 3259 quin,
739 3183 890 3242 fortissime
898 3183 1054 3260 praeliaudo
1069 3191 1105 3244 35
1166 3247 1168 3254 ,

61 3263 279 3340 compluresque
304 3263 489 3330 vulnerando,
514 3273 630 3338 cogeret
652 3262 741 3320 elatos
764 3263 913 3320 iracundie
934 3263 1055 3318 victores

61 3342 91 3398 in
105 3361 136 3399 se
149 3344 209 3400 tela
223 3343 376 3418 conjicere.
679 3341 683 3346 ’
725 3373 728 3380 ·

99 3421 170 3478 XX.
214 3421 284 3478 Tali
306 3422 391 3479 modo
411 3440 442 3477 rs
463 3421 554 3496 gesti,
576 3421 741 3478 recentibus
761 3417 851 3494 praelii
872 3417 999 3492 vestigiis
1013 3416 1056 3476 in·

60 3519 176 3574 gressus
209 3499 318 3568 Caesar,
345 3519 433 3574 quum
464 3500 553 3557 victos
586 3499 666 3557 tentat
692 3497 854 3556 calamitate
881 3495 1057 3557 existimaret

60 3579 169 3648 hostes,
183 3579 291 3636 nuncio
313 3589 441 3654 accepto,
456 3578 551 3636 locum
566 3589 723 3636 castrorum
744 3575 901 3639 relicturas,
920 3595 983 3652 quae
998 3597 1056 3637 non
1072 3588 1108 3641 4ο

59 3654 179 3732 longius
193 3658 228 3714 ab
240 3659 277 3716 eb
296 3658 378 3715 oaede
393 3659 492 3715 abesse
505 3655 570 3733 plus
590 3654 686 3714 mirrirs
699 3667 767 3714 octo
781 3653 906 3710 millibus
920 3667 1056 3732 passuum

60 3735 243 3804 dicebantur,
271 3737 385 3794 tametsi
412 3736 529 3795 flumine
560 3735 728 3810 impeditum
754 3731 905 3792 transitum
932 3737 1055 3803 videbat,

60 3825 169 3883 tamen,
183 3815 315 3874 exercitu
328 3815 468 3887 traducto,
482 3813 668 3891 progreditur.
711 3814 752 3870 At
765 3812 911 3883 Bellovaci
928 3813 1055 3899 reliqum-

60 3913 116 3969 que
139 3895 282 3964 civitates,
307 3893 425 3970 reponte
445 3913 481 3952 ex
502 3893 570 3970 firgt
592 3891 702 3968 paucis,
725 3901 808 3970 atque
822 3893 867 3974 lll⁸
890 3893 1051 3953 vulneratis,
