<?xml version="1.0" encoding="UTF-8"?>
<!DOCTYPE html PUBLIC "-//W3C//DTD XHTML 1.0 Transitional//EN"
    "http://www.w3.org/TR/xhtml1/DTD/xhtml1-transitional.dtd">
<html xmlns="http://www.w3.org/1999/xhtml" xml:lang="en" lang="en">
 <head>
  <title>
</title>
<meta http-equiv="Content-Type" content="text/html;charset=utf-8" />
  <meta name='ocr-system' content='tesseract 3.04.00' />
  <meta name='ocr-capabilities' content='ocr_page ocr_carea ocr_par ocr_line ocrx_word'/>
</head>
<body>
  <div class='ocr_page' id='page_1' title='image "./commentariidebe00levegoog_0030.png"; bbox 0 0 2590 4424; ppageno 0'>
   <div class='ocr_carea' id='block_1_1' title="bbox 511 355 1186 426">
    <p class='ocr_par' dir='ltr' id='par_1_1' title="bbox 511 355 1186 426">
     <span class='ocr_line' id='line_1_1' title="bbox 511 355 1186 426; baseline 0 -17"><span class='ocrx_word' id='word_1_1' title='bbox 511 359 618 410; x_wconf 79' lang='lat' dir='ltr'>aman</span> <span class='ocrx_word' id='word_1_2' title='bbox 635 355 778 410; x_wconf 79' lang='lat' dir='ltr'>ramus.</span> <span class='ocrx_word' id='word_1_3' title='bbox 1147 363 1186 426; x_wconf 77' lang='lat' dir='ltr'>la</span> 
     </span>
    </p>
   </div>
   <div class='ocr_carea' id='block_1_2' title="bbox 111 489 1186 3944">
    <p class='ocr_par' dir='ltr' id='par_1_2' title="bbox 111 489 1183 2690">
     <span class='ocr_line' id='line_1_2' title="bbox 153 489 1135 580; baseline 0.002 -18"><span class='ocrx_word' id='word_1_4' title='bbox 153 501 273 580; x_wconf 75' lang='lat' dir='ltr'>amplius</span> <span class='ocrx_word' id='word_1_5' title='bbox 290 501 498 578; x_wconf 76' lang='lat' dir='ltr'><strong>quinquaginta</strong></span> <span class='ocrx_word' id='word_1_6' title='bbox 514 502 646 569; x_wconf 88' lang='lat' dir='ltr'>circuitu,</span> <span class='ocrx_word' id='word_1_7' title='bbox 665 502 736 559; x_wconf 83' lang='lat' dir='ltr'>locis</span> <span class='ocrx_word' id='word_1_8' title='bbox 750 489 864 577; x_wconf 80' lang='lat' dir='ltr'>apertis,</span> <span class='ocrx_word' id='word_1_9' title='bbox 877 503 1033 562; x_wconf 89' lang='lat' dir='ltr'>exercitum</span> <span class='ocrx_word' id='word_1_10' title='bbox 1047 506 1135 564; x_wconf 84' lang='lat' dir='ltr'>duca-</span> 
     </span>
     <span class='ocr_line' id='line_1_3' title="bbox 111 580 1133 658; baseline 0.002 -20"><span class='ocrx_word' id='word_1_11' title='bbox 111 580 113 586; x_wconf 83' lang='lat'>&#39;</span> <span class='ocrx_word' id='word_1_12' title='bbox 151 593 203 648; x_wconf 86' lang='lat' dir='ltr'>ret,</span> <span class='ocrx_word' id='word_1_13' title='bbox 217 583 253 638; x_wconf 90' lang='lat' dir='ltr'>de</span> <span class='ocrx_word' id='word_1_14' title='bbox 266 581 368 656; x_wconf 72' lang='lat' dir='ltr'>quarta</span> <span class='ocrx_word' id='word_1_15' title='bbox 388 581 494 656; x_wconf 68' lang='lat' dir='ltr'>vigilia,</span> <span class='ocrx_word' id='word_1_16' title='bbox 509 591 540 637; x_wconf 91' lang='lat' dir='ltr'>ut</span> <span class='ocrx_word' id='word_1_17' title='bbox 553 580 672 647; x_wconf 82' lang='lat' dir='ltr'>dixerat,</span> <span class='ocrx_word' id='word_1_18' title='bbox 686 581 830 655; x_wconf 81' lang='lat' dir='ltr'>profectus</span> <span class='ocrx_word' id='word_1_19' title='bbox 843 591 894 638; x_wconf 89' lang='lat' dir='ltr'>est.</span> <span class='ocrx_word' id='word_1_20' title='bbox 935 583 1063 658; x_wconf 82' lang='lat' dir='ltr'>Septimo</span> <span class='ocrx_word' id='word_1_21' title='bbox 1076 585 1133 652; x_wconf 84' lang='lat' dir='ltr'>dle,</span> 
     </span>
     <span class='ocr_line' id='line_1_4' title="bbox 150 659 1135 734; baseline 0.002 -18"><span class='ocrx_word' id='word_1_22' title='bbox 150 679 238 734; x_wconf 91' lang='lat' dir='ltr'>quum</span> <span class='ocrx_word' id='word_1_23' title='bbox 258 660 311 717; x_wconf 87' lang='lat' dir='ltr'>iter</span> <span class='ocrx_word' id='word_1_24' title='bbox 325 678 383 717; x_wconf 89' lang='lat' dir='ltr'>uon</span> <span class='ocrx_word' id='word_1_25' title='bbox 404 659 611 725; x_wconf 78' lang='lat' dir='ltr'>intermitteret,</span> <span class='ocrx_word' id='word_1_26' title='bbox 628 659 665 716; x_wconf 89' lang='lat' dir='ltr'>ab</span> <span class='ocrx_word' id='word_1_27' title='bbox 684 659 907 734; x_wconf 82' lang='lat' dir='ltr'>exploratoribus</span> <span class='ocrx_word' id='word_1_28' title='bbox 920 661 1021 718; x_wconf 82' lang='lat' dir='ltr'>certior</span> <span class='ocrx_word' id='word_1_29' title='bbox 1042 661 1135 719; x_wconf 85' lang='lat' dir='ltr'>factus</span> 
     </span>
     <span class='ocr_line' id='line_1_5' title="bbox 150 736 1135 813; baseline 0.002 -19"><span class='ocrx_word' id='word_1_30' title='bbox 150 748 203 805; x_wconf 88' lang='lat' dir='ltr'>est,</span> <span class='ocrx_word' id='word_1_31' title='bbox 226 737 363 795; x_wconf 80' lang='lat' dir='ltr'>Ariovisti</span> <span class='ocrx_word' id='word_1_32' title='bbox 386 738 484 812; x_wconf 85' lang='lat' dir='ltr'>copias</span> <span class='ocrx_word' id='word_1_33' title='bbox 507 755 524 794; x_wconf 91' lang='lat' dir='ltr'>a</span> <span class='ocrx_word' id='word_1_34' title='bbox 543 736 646 793; x_wconf 87' lang='lat' dir='ltr'>uostris</span> <span class='ocrx_word' id='word_1_35' title='bbox 670 736 794 793; x_wconf 90' lang='lat' dir='ltr'>millibus</span> <span class='ocrx_word' id='word_1_36' title='bbox 812 755 947 812; x_wconf 80' lang='lat' dir='ltr'>passuum</span> <span class='ocrx_word' id='word_1_37' title='bbox 967 749 1086 813; x_wconf 81' lang='lat' dir='ltr'>quatuor</span> <span class='ocrx_word' id='word_1_38' title='bbox 1105 749 1135 796; x_wconf 87' lang='lat' dir='ltr'>ct</span> 
     </span>
     <span class='ocr_line' id='line_1_6' title="bbox 151 816 1180 892; baseline 0.004 -20"><span class='ocrx_word' id='word_1_39' title='bbox 151 816 252 892; x_wconf 86' lang='lat' dir='ltr'>viginti</span> <span class='ocrx_word' id='word_1_40' title='bbox 267 818 375 873; x_wconf 88' lang='lat' dir='ltr'>abesse.</span> <span class='ocrx_word' id='word_1_41' title='bbox 1160 823 1180 876; x_wconf 80' lang='lat'>5</span> 
     </span>
     <span class='ocr_line' id='line_1_7' title="bbox 189 892 1171 970; baseline 0.002 -20"><span class='ocrx_word' id='word_1_42' title='bbox 189 894 288 952; x_wconf 86' lang='lat' dir='ltr'><strong>XLII.</strong></span> <span class='ocrx_word' id='word_1_43' title='bbox 330 893 456 968; x_wconf 86' lang='lat' dir='ltr'>Cognito</span> <span class='ocrx_word' id='word_1_44' title='bbox 476 892 599 950; x_wconf 76' lang='lat' dir='ltr'>Cesaris</span> <span class='ocrx_word' id='word_1_45' title='bbox 626 893 759 959; x_wconf 83' lang='lat' dir='ltr'>adventu,</span> <span class='ocrx_word' id='word_1_46' title='bbox 781 893 941 951; x_wconf 82' lang='lat' dir='ltr'>Ariovistus</span> <span class='ocrx_word' id='word_1_47' title='bbox 963 895 1072 970; x_wconf 87' lang='lat' dir='ltr'>legatos</span> <span class='ocrx_word' id='word_1_48' title='bbox 1098 897 1171 960; x_wconf 87' lang='lat' dir='ltr'>ad</span> 
     </span>
     <span class='ocr_line' id='line_1_8' title="bbox 151 970 1134 1060; baseline 0.002 -32"><span class='ocrx_word' id='word_1_49' title='bbox 151 991 217 1030; x_wconf 92' lang='lat' dir='ltr'>eum</span> <span class='ocrx_word' id='word_1_50' title='bbox 231 972 337 1036; x_wconf 73' lang='lat' dir='ltr'>mittit:</span> <span class='ocrx_word' id='word_1_51' title='bbox 359 970 467 1060; x_wconf 79' lang='lat' dir='ltr'>‘Quod</span> <span class='ocrx_word' id='word_1_52' title='bbox 489 981 573 1028; x_wconf 87' lang='lat' dir='ltr'>antea</span> <span class='ocrx_word' id='word_1_53' title='bbox 586 972 622 1027; x_wconf 86' lang='lat' dir='ltr'>da</span> <span class='ocrx_word' id='word_1_54' title='bbox 643 971 783 1045; x_wconf 81' lang='lat' dir='ltr'>colloquio</span> <span class='ocrx_word' id='word_1_55' title='bbox 795 973 973 1047; x_wconf 72' lang='lat' dir='ltr'>postulasset</span> <span class='ocrx_word' id='word_1_56' title='bbox 996 974 1025 1029; x_wconf 83' lang='grc' dir='ltr'>ἰιι</span> <span class='ocrx_word' id='word_1_57' title='bbox 1038 993 1088 1048; x_wconf 87' lang='lat' dir='ltr'>per</span> <span class='ocrx_word' id='word_1_58' title='bbox 1103 991 1134 1030; x_wconf 87' lang='lat' dir='ltr'>se</span> 
     </span>
     <span class='ocr_line' id='line_1_9' title="bbox 151 1041 1167 1139; baseline 0.001 -33"><span class='ocrx_word' id='word_1_59' title='bbox 151 1051 213 1107; x_wconf 86' lang='lat' dir='ltr'>fieri</span> <span class='ocrx_word' id='word_1_60' title='bbox 245 1051 343 1118; x_wconf 88' lang='lat' dir='ltr'>licere,</span> <span class='ocrx_word' id='word_1_61' title='bbox 370 1050 504 1124; x_wconf 91' lang='lat' dir='ltr'>quoniam</span> <span class='ocrx_word' id='word_1_62' title='bbox 530 1048 645 1138; x_wconf 89' lang='lat' dir='ltr'>propius</span> <span class='ocrx_word' id='word_1_63' title='bbox 676 1050 864 1119; x_wconf 88' lang='lat' dir='ltr'>accessisset3</span> <span class='ocrx_word' id='word_1_64' title='bbox 897 1069 983 1139; x_wconf 80' lang='lat' dir='ltr'>seque</span> <span class='ocrx_word' id='word_1_65' title='bbox 1017 1052 1046 1107; x_wconf 92' lang='lat' dir='ltr'>id</span> <span class='ocrx_word' id='word_1_66' title='bbox 1073 1041 1167 1108; x_wconf 90' lang='lat' dir='ltr'>sine</span> 
     </span>
     <span class='ocr_line' id='line_1_10' title="bbox 151 1127 1133 1216; baseline 0.002 -32"><span class='ocrx_word' id='word_1_67' title='bbox 151 1129 278 1206; x_wconf 91' lang='lat' dir='ltr'>periculo</span> <span class='ocrx_word' id='word_1_68' title='bbox 292 1130 386 1186; x_wconf 86' lang='lat' dir='ltr'>facere</span> <span class='ocrx_word' id='word_1_69' title='bbox 406 1147 488 1204; x_wconf 87' lang='lat' dir='ltr'>posse</span> <span class='ocrx_word' id='word_1_70' title='bbox 501 1127 684 1216; x_wconf 64' lang='lat' dir='ltr'>existimare!</span> <span class='ocrx_word' id='word_1_71' title='bbox 724 1127 792 1185; x_wconf 91' lang='lat' dir='ltr'>Non</span> <span class='ocrx_word' id='word_1_72' title='bbox 811 1129 922 1204; x_wconf 84' lang='lat' dir='ltr'>respuit</span> <span class='ocrx_word' id='word_1_73' title='bbox 941 1129 1133 1186; x_wconf 86' lang='lat' dir='ltr'>conditionem</span> 
     </span>
     <span class='ocr_line' id='line_1_11' title="bbox 117 1199 1181 1282; baseline 0.003 -20"><span class='ocrx_word' id='word_1_74' title='bbox 117 1223 124 1248; x_wconf 56' lang='grc' dir='ltr'>ι</span> <span class='ocrx_word' id='word_1_75' title='bbox 152 1201 266 1264; x_wconf 79' lang='lat' dir='ltr'>Oaesar:</span> <span class='ocrx_word' id='word_1_76' title='bbox 285 1208 399 1282; x_wconf 89' lang='lat' dir='ltr'>jamque</span> <span class='ocrx_word' id='word_1_77' title='bbox 412 1225 478 1262; x_wconf 91' lang='lat' dir='ltr'>enm</span> <span class='ocrx_word' id='word_1_78' title='bbox 493 1207 529 1263; x_wconf 89' lang='lat' dir='ltr'>ad</span> <span class='ocrx_word' id='word_1_79' title='bbox 549 1199 699 1262; x_wconf 86' lang='lat' dir='ltr'>sanitatem</span> <span class='ocrx_word' id='word_1_80' title='bbox 720 1206 821 1262; x_wconf 84' lang='lat' dir='ltr'>reverti</span> <span class='ocrx_word' id='word_1_81' title='bbox 836 1207 1033 1275; x_wconf 83' lang='lat' dir='ltr'>arbitrabatur,</span> <span class='ocrx_word' id='word_1_82' title='bbox 1047 1227 1134 1281; x_wconf 92' lang='lat' dir='ltr'>quum</span> <span class='ocrx_word' id='word_1_83' title='bbox 1145 1211 1181 1265; x_wconf 84' lang='grc'>10</span> 
     </span>
     <span class='ocr_line' id='line_1_12' title="bbox 150 1284 1135 1362; baseline 0.002 -22"><span class='ocrx_word' id='word_1_84' title='bbox 150 1284 190 1351; x_wconf 89' lang='lat' dir='ltr'>id,</span> <span class='ocrx_word' id='word_1_85' title='bbox 211 1287 285 1360; x_wconf 93' lang='lat' dir='ltr'>quod</span> <span class='ocrx_word' id='word_1_86' title='bbox 308 1295 391 1342; x_wconf 87' lang='lat' dir='ltr'>antea</span> <span class='ocrx_word' id='word_1_87' title='bbox 410 1284 523 1360; x_wconf 86' lang='lat' dir='ltr'>petenti</span> <span class='ocrx_word' id='word_1_88' title='bbox 538 1284 718 1358; x_wconf 85' lang='lat' dir='ltr'>denegasset,</span> <span class='ocrx_word' id='word_1_89' title='bbox 738 1284 780 1340; x_wconf 92' lang='lat' dir='ltr'>ult</span> <span class='ocrx_word' id='word_1_90' title='bbox 769 1295 811 1341; x_wconf 86' lang='lat' dir='ltr'>tro</span> <span class='ocrx_word' id='word_1_91' title='bbox 832 1285 1031 1360; x_wconf 80' lang='lat' dir='ltr'>polliceretur,</span> <span class='ocrx_word' id='word_1_92' title='bbox 1056 1305 1135 1362; x_wconf 87' lang='lat' dir='ltr'>mag·</span> 
     </span>
     <span class='ocr_line' id='line_1_13' title="bbox 149 1362 1135 1452; baseline 0 -32"><span class='ocrx_word' id='word_1_93' title='bbox 149 1381 273 1452; x_wconf 82' lang='lat' dir='ltr'>namque</span> <span class='ocrx_word' id='word_1_94' title='bbox 287 1364 316 1420; x_wconf 92' lang='lat' dir='ltr'>in</span> <span class='ocrx_word' id='word_1_95' title='bbox 332 1383 411 1438; x_wconf 90' lang='lat' dir='ltr'>spem</span> <span class='ocrx_word' id='word_1_96' title='bbox 425 1363 567 1429; x_wconf 86' lang='lat' dir='ltr'>veniebat,</span> <span class='ocrx_word' id='word_1_97' title='bbox 589 1362 713 1450; x_wconf 81' lang='lat' dir='ltr'>proauis</span> <span class='ocrx_word' id='word_1_98' title='bbox 732 1363 819 1419; x_wconf 90' lang='lat' dir='ltr'>tantis</span> <span class='ocrx_word' id='word_1_99' title='bbox 839 1363 993 1438; x_wconf 88' lang='lat' dir='ltr'>Populique</span> <span class='ocrx_word' id='word_1_100' title='bbox 1008 1363 1135 1421; x_wconf 84' lang='lat' dir='ltr'>Romani</span> 
     </span>
     <span class='ocr_line' id='line_1_14' title="bbox 149 1439 1135 1516; baseline 0.001 -18"><span class='ocrx_word' id='word_1_101' title='bbox 149 1439 180 1498; x_wconf 91' lang='lat' dir='ltr'>in</span> <span class='ocrx_word' id='word_1_102' title='bbox 193 1461 259 1500; x_wconf 89' lang='lat' dir='ltr'>eum</span> <span class='ocrx_word' id='word_1_103' title='bbox 275 1441 431 1508; x_wconf 89' lang='lat' dir='ltr'>beneficiis,</span> <span class='ocrx_word' id='word_1_104' title='bbox 445 1441 570 1515; x_wconf 80' lang='lat' dir='ltr'>cognitis</span> <span class='ocrx_word' id='word_1_105' title='bbox 589 1440 649 1496; x_wconf 87' lang='lat' dir='ltr'>suis</span> <span class='ocrx_word' id='word_1_106' title='bbox 661 1441 817 1515; x_wconf 84' lang='lat' dir='ltr'>postulatis,</span> <span class='ocrx_word' id='word_1_107' title='bbox 832 1441 901 1508; x_wconf 84' lang='lat' dir='ltr'>lore,</span> <span class='ocrx_word' id='word_1_108' title='bbox 923 1440 965 1499; x_wconf 86' lang='lat' dir='ltr'>uti</span> <span class='ocrx_word' id='word_1_109' title='bbox 978 1441 1135 1516; x_wconf 70' lang='lat' dir='ltr'>pertinacia</span> 
     </span>
     <span class='ocr_line' id='line_1_15' title="bbox 151 1519 1133 1608; baseline 0.001 -33"><span class='ocrx_word' id='word_1_110' title='bbox 151 1520 306 1578; x_wconf 89' lang='lat' dir='ltr'>desisteret.</span> <span class='ocrx_word' id='word_1_111' title='bbox 356 1520 427 1576; x_wconf 87' lang='lat' dir='ltr'>Dies</span> <span class='ocrx_word' id='word_1_112' title='bbox 453 1519 594 1608; x_wconf 83' lang='lat' dir='ltr'>colloquio</span> <span class='ocrx_word' id='word_1_113' title='bbox 620 1519 714 1575; x_wconf 90' lang='lat' dir='ltr'>dictus</span> <span class='ocrx_word' id='word_1_114' title='bbox 739 1529 791 1586; x_wconf 90' lang='lat' dir='ltr'>est,</span> <span class='ocrx_word' id='word_1_115' title='bbox 818 1537 855 1576; x_wconf 88' lang='lat' dir='ltr'>ex</span> <span class='ocrx_word' id='word_1_116' title='bbox 880 1538 916 1576; x_wconf 91' lang='lat' dir='ltr'>eo</span> <span class='ocrx_word' id='word_1_117' title='bbox 940 1520 987 1576; x_wconf 86' lang='lat' dir='ltr'>die</span> <span class='ocrx_word' id='word_1_118' title='bbox 1010 1519 1133 1594; x_wconf 91' lang='lat' dir='ltr'>quintus.</span> 
     </span>
     <span class='ocr_line' id='line_1_16' title="bbox 152 1597 1181 1672; baseline 0.002 -19"><span class='ocrx_word' id='word_1_119' title='bbox 152 1597 281 1665; x_wconf 89' lang='lat' dir='ltr'>Interim,</span> <span class='ocrx_word' id='word_1_120' title='bbox 295 1618 382 1672; x_wconf 91' lang='lat' dir='ltr'>quum</span> <span class='ocrx_word' id='word_1_121' title='bbox 393 1617 467 1672; x_wconf 81' lang='lat' dir='ltr'>saepe</span> <span class='ocrx_word' id='word_1_122' title='bbox 479 1598 552 1654; x_wconf 90' lang='lat' dir='ltr'>ultro</span> <span class='ocrx_word' id='word_1_123' title='bbox 563 1597 692 1671; x_wconf 80' lang='lat' dir='ltr'>citroque</span> <span class='ocrx_word' id='word_1_124' title='bbox 703 1597 810 1672; x_wconf 87' lang='lat' dir='ltr'>legati</span> <span class='ocrx_word' id='word_1_125' title='bbox 804 1608 936 1655; x_wconf 84' lang='lat' dir='ltr'>intereos</span> <span class='ocrx_word' id='word_1_126' title='bbox 947 1598 1133 1666; x_wconf 87' lang='lat' dir='ltr'>mitterentur,</span> <span class='ocrx_word' id='word_1_127' title='bbox 1147 1601 1181 1656; x_wconf 82' lang='lat'>15</span> 
     </span>
     <span class='ocr_line' id='line_1_17' title="bbox 153 1675 1135 1751; baseline 0.002 -19"><span class='ocrx_word' id='word_1_128' title='bbox 153 1675 312 1732; x_wconf 85' lang='lat' dir='ltr'>Ariovistus</span> <span class='ocrx_word' id='word_1_129' title='bbox 322 1676 481 1750; x_wconf 83' lang='lat' dir='ltr'>postulavit,</span> <span class='ocrx_word' id='word_1_130' title='bbox 498 1675 563 1732; x_wconf 87' lang='lat' dir='ltr'>‘Ne</span> <span class='ocrx_word' id='word_1_131' title='bbox 574 1694 657 1750; x_wconf 88' lang='lat' dir='ltr'>quern</span> <span class='ocrx_word' id='word_1_132' title='bbox 668 1676 793 1751; x_wconf 86' lang='lat' dir='ltr'>peditem</span> <span class='ocrx_word' id='word_1_133' title='bbox 808 1677 843 1732; x_wconf 91' lang='lat' dir='ltr'>ad</span> <span class='ocrx_word' id='word_1_134' title='bbox 856 1677 1026 1750; x_wconf 80' lang='lat' dir='ltr'>colloquium</span> <span class='ocrx_word' id='word_1_135' title='bbox 1038 1676 1135 1734; x_wconf 65' lang='lat' dir='ltr'>Caesar</span> 
     </span>
     <span class='ocr_line' id='line_1_18' title="bbox 133 1754 1135 1828; baseline 0 -18"><span class='ocrx_word' id='word_1_136' title='bbox 133 1757 136 1762; x_wconf 87' lang='lat'>&#39;</span> <span class='ocrx_word' id='word_1_137' title='bbox 154 1754 328 1810; x_wconf 88' lang='lat' dir='ltr'>adduceret:</span> <span class='ocrx_word' id='word_1_138' title='bbox 350 1754 440 1810; x_wconf 89' lang='lat' dir='ltr'>vereri</span> <span class='ocrx_word' id='word_1_139' title='bbox 460 1773 501 1820; x_wconf 91' lang='lat' dir='ltr'>se,</span> <span class='ocrx_word' id='word_1_140' title='bbox 515 1773 552 1810; x_wconf 90' lang='lat' dir='ltr'>ne</span> <span class='ocrx_word' id='word_1_141' title='bbox 565 1773 615 1828; x_wconf 88' lang='lat' dir='ltr'>per</span> <span class='ocrx_word' id='word_1_142' title='bbox 629 1754 747 1810; x_wconf 89' lang='lat' dir='ltr'>insidias</span> <span class='ocrx_word' id='word_1_143' title='bbox 761 1755 797 1810; x_wconf 89' lang='lat' dir='ltr'>ab</span> <span class='ocrx_word' id='word_1_144' title='bbox 817 1771 852 1810; x_wconf 85' lang='lat' dir='ltr'>ec</span> <span class='ocrx_word' id='word_1_145' title='bbox 865 1754 1135 1810; x_wconf 78' lang='lat' dir='ltr'>circumveniretur:</span> 
     </span>
     <span class='ocr_line' id='line_1_19' title="bbox 152 1831 1136 1906; baseline 0 -17"><span class='ocrx_word' id='word_1_146' title='bbox 152 1842 270 1906; x_wconf 89' lang='lat' dir='ltr'>uterque</span> <span class='ocrx_word' id='word_1_147' title='bbox 288 1851 355 1888; x_wconf 92' lang='lat' dir='ltr'>cum</span> <span class='ocrx_word' id='word_1_148' title='bbox 375 1832 502 1906; x_wconf 92' lang='lat' dir='ltr'>equitatu</span> <span class='ocrx_word' id='word_1_149' title='bbox 516 1832 643 1888; x_wconf 85' lang='lat' dir='ltr'>veniret:</span> <span class='ocrx_word' id='word_1_150' title='bbox 665 1833 721 1888; x_wconf 72' lang='lat' dir='ltr'>alia</span> <span class='ocrx_word' id='word_1_151' title='bbox 740 1831 849 1888; x_wconf 88' lang='lat' dir='ltr'>ratione</span> <span class='ocrx_word' id='word_1_152' title='bbox 864 1851 894 1887; x_wconf 86' lang='lat' dir='ltr'>se</span> <span class='ocrx_word' id='word_1_153' title='bbox 915 1850 972 1888; x_wconf 93' lang='lat' dir='ltr'>non</span> <span class='ocrx_word' id='word_1_154' title='bbox 992 1851 1054 1888; x_wconf 86' lang='lat' dir='ltr'>esse</span> <span class='ocrx_word' id='word_1_155' title='bbox 1068 1851 1136 1889; x_wconf 87' lang='lat' dir='ltr'>ven·</span> 
     </span>
     <span class='ocr_line' id='line_1_20' title="bbox 150 1908 1133 1997; baseline -0.001 -30"><span class='ocrx_word' id='word_1_156' title='bbox 150 1912 268 1968; x_wconf 82' lang='lat' dir='ltr'>turum&#39;</span> <span class='ocrx_word' id='word_1_157' title='bbox 309 1911 417 1976; x_wconf 85' lang='lat' dir='ltr'>Caesar,</span> <span class='ocrx_word' id='word_1_158' title='bbox 438 1908 515 1984; x_wconf 81' lang='lat' dir='ltr'>qudd</span> <span class='ocrx_word' id='word_1_159' title='bbox 536 1929 628 1984; x_wconf 91' lang='lat' dir='ltr'>neque</span> <span class='ocrx_word' id='word_1_160' title='bbox 650 1909 831 1983; x_wconf 89' lang='lat' dir='ltr'>colloquium,</span> <span class='ocrx_word' id='word_1_161' title='bbox 850 1909 1015 1997; x_wconf 62' lang='lat' dir='ltr'>interposite</span> <span class='ocrx_word' id='word_1_162' title='bbox 1035 1911 1133 1978; x_wconf 67' lang='lat' dir='ltr'>causi,</span> 
     </span>
     <span class='ocr_line' id='line_1_21' title="bbox 151 1987 1181 2063; baseline 0.001 -17"><span class='ocrx_word' id='word_1_163' title='bbox 151 1989 211 2048; x_wconf 87' lang='lat' dir='ltr'>tolli</span> <span class='ocrx_word' id='word_1_164' title='bbox 225 1987 344 2055; x_wconf 87' lang='lat' dir='ltr'>volebat,</span> <span class='ocrx_word' id='word_1_165' title='bbox 359 2007 476 2062; x_wconf 90' lang='lat' dir='ltr'>neque</span> <span class='ocrx_word' id='word_1_166' title='bbox 466 1988 585 2049; x_wconf 85' lang='lat' dir='ltr'>salutern</span> <span class='ocrx_word' id='word_1_167' title='bbox 606 2007 687 2044; x_wconf 87' lang='lat' dir='ltr'>suam</span> <span class='ocrx_word' id='word_1_168' title='bbox 700 1988 847 2044; x_wconf 88' lang='lat' dir='ltr'>Gallorum</span> <span class='ocrx_word' id='word_1_169' title='bbox 860 1988 986 2063; x_wconf 85' lang='lat' dir='ltr'>equitatu</span> <span class='ocrx_word' id='word_1_170' title='bbox 1006 1989 1134 2045; x_wconf 90' lang='lat' dir='ltr'>commit·</span> <span class='ocrx_word' id='word_1_171' title='bbox 1144 1993 1181 2047; x_wconf 77' lang='lat'>20</span> 
     </span>
     <span class='ocr_line' id='line_1_22' title="bbox 150 2067 1135 2142; baseline 0 -18"><span class='ocrx_word' id='word_1_172' title='bbox 150 2078 210 2124; x_wconf 89' lang='lat' dir='ltr'>tere</span> <span class='ocrx_word' id='word_1_173' title='bbox 238 2069 370 2133; x_wconf 87' lang='lat' dir='ltr'>audebat,</span> <span class='ocrx_word' id='word_1_174' title='bbox 395 2067 655 2124; x_wconf 88' lang='lat' dir='ltr'>commodissimum</span> <span class='ocrx_word' id='word_1_175' title='bbox 679 2086 742 2123; x_wconf 87' lang='lat' dir='ltr'>esse</span> <span class='ocrx_word' id='word_1_176' title='bbox 769 2067 875 2132; x_wconf 83' lang='lat' dir='ltr'>statuit,</span> <span class='ocrx_word' id='word_1_177' title='bbox 900 2067 1032 2124; x_wconf 89' lang='lat' dir='ltr'>omnibus</span> <span class='ocrx_word' id='word_1_178' title='bbox 1054 2068 1135 2142; x_wconf 88' lang='lat' dir='ltr'>equis</span> 
     </span>
     <span class='ocr_line' id='line_1_23' title="bbox 150 2141 1136 2239; baseline 0 -37"><span class='ocrx_word' id='word_1_179' title='bbox 150 2146 241 2202; x_wconf 90' lang='lat' dir='ltr'>Gallis</span> <span class='ocrx_word' id='word_1_180' title='bbox 261 2141 410 2239; x_wconf 89' lang='lat' dir='ltr'>equitibus</span> <span class='ocrx_word' id='word_1_181' title='bbox 416 2145 534 2202; x_wconf 89' lang='lat' dir='ltr'>detract</span> <span class='ocrx_word' id='word_1_182' title='bbox 515 2156 561 2211; x_wconf 85' lang='lat' dir='ltr'>t,rs</span> <span class='ocrx_word' id='word_1_183' title='bbox 574 2144 611 2202; x_wconf 84' lang='lat' dir='ltr'>ed</span> <span class='ocrx_word' id='word_1_184' title='bbox 625 2145 795 2220; x_wconf 88' lang='lat' dir='ltr'>legionarios</span> <span class='ocrx_word' id='word_1_185' title='bbox 808 2145 912 2201; x_wconf 88' lang='lat' dir='ltr'>milites</span> <span class='ocrx_word' id='word_1_186' title='bbox 925 2145 1045 2221; x_wconf 85' lang='lat' dir='ltr'>legionis</span> <span class='ocrx_word' id='word_1_187' title='bbox 1058 2147 1136 2202; x_wconf 86' lang='lat' dir='ltr'>deci-</span> 
     </span>
     <span class='ocr_line' id='line_1_24' title="bbox 150 2222 1136 2314; baseline 0 -32"><span class='ocrx_word' id='word_1_188' title='bbox 150 2244 214 2291; x_wconf 71' lang='lat' dir='ltr'>mae,</span> <span class='ocrx_word' id='word_1_189' title='bbox 236 2224 383 2314; x_wconf 83' lang='lat' dir='ltr'>cuiquam</span> <span class='ocrx_word' id='word_1_190' title='bbox 404 2222 529 2281; x_wconf 85' lang='lat' dir='ltr'>maxime</span> <span class='ocrx_word' id='word_1_191' title='bbox 547 2224 751 2290; x_wconf 82' lang='lat' dir='ltr'>confidebat,</span> <span class='ocrx_word' id='word_1_192' title='bbox 745 2243 899 2298; x_wconf 84' lang='lat' dir='ltr'>imponere,</span> <span class='ocrx_word' id='word_1_193' title='bbox 922 2234 953 2281; x_wconf 90' lang='lat' dir='ltr'>ut</span> <span class='ocrx_word' id='word_1_194' title='bbox 972 2225 1136 2301; x_wconf 73' lang='lat' dir='ltr'>presidium</span> 
     </span>
     <span class='ocr_line' id='line_1_25' title="bbox 150 2302 1180 2378; baseline 0.003 -20"><span class='ocrx_word' id='word_1_195' title='bbox 150 2302 237 2378; x_wconf 76' lang='lat' dir='ltr'>qudm</span> <span class='ocrx_word' id='word_1_196' title='bbox 252 2304 467 2370; x_wconf 85' lang='lat' dir='ltr'>amicissimum,</span> <span class='ocrx_word' id='word_1_197' title='bbox 483 2303 599 2377; x_wconf 81' lang='lat' dir='ltr'>siquid</span> <span class='ocrx_word' id='word_1_198' title='bbox 602 2322 672 2377; x_wconf 90' lang='lat' dir='ltr'>opus</span> <span class='ocrx_word' id='word_1_199' title='bbox 687 2303 762 2359; x_wconf 87' lang='lat' dir='ltr'>sacto</span> <span class='ocrx_word' id='word_1_200' title='bbox 782 2313 866 2370; x_wconf 86' lang='lat' dir='ltr'>esset,</span> <span class='ocrx_word' id='word_1_201' title='bbox 881 2303 1006 2360; x_wconf 85' lang='lat' dir='ltr'>haberet.</span> <span class='ocrx_word' id='word_1_202' title='bbox 1046 2304 1180 2365; x_wconf 81' lang='lat' dir='ltr'>Quod</span> 
     </span>
     <span class='ocr_line' id='line_1_26' title="bbox 150 2344 1183 2458; baseline 0.004 -22"><span class='ocrx_word' id='word_1_203' title='bbox 150 2401 238 2456; x_wconf 92' lang='lat' dir='ltr'>quum</span> <span class='ocrx_word' id='word_1_204' title='bbox 249 2383 338 2447; x_wconf 90' lang='lat' dir='ltr'>fieret,</span> <span class='ocrx_word' id='word_1_205' title='bbox 347 2401 405 2439; x_wconf 89' lang='lat' dir='ltr'>non</span> <span class='ocrx_word' id='word_1_206' title='bbox 417 2380 562 2438; x_wconf 77' lang='lat' dir='ltr'>irridiculd</span> <span class='ocrx_word' id='word_1_207' title='bbox 571 2381 685 2455; x_wconf 90' lang='lat' dir='ltr'>quidam</span> <span class='ocrx_word' id='word_1_208' title='bbox 697 2401 733 2438; x_wconf 91' lang='lat' dir='ltr'>ex</span> <span class='ocrx_word' id='word_1_209' title='bbox 743 2344 879 2437; x_wconf 80' lang='lat' dir='ltr'>militibiis</span> <span class='ocrx_word' id='word_1_210' title='bbox 887 2383 1005 2440; x_wconf 74' lang='lat' dir='ltr'>decimae</span> <span class='ocrx_word' id='word_1_211' title='bbox 1017 2383 1137 2458; x_wconf 85' lang='lat' dir='ltr'>legionis</span> <span class='ocrx_word' id='word_1_212' title='bbox 1145 2387 1183 2440; x_wconf 68' lang='lat' dir='ltr'>at</span> 
     </span>
     <span class='ocr_line' id='line_1_27' title="bbox 151 2457 1135 2534; baseline 0.002 -18"><span class='ocrx_word' id='word_1_213' title='bbox 151 2459 243 2516; x_wconf 84' lang='lat' dir='ltr'>dixit.</span> <span class='ocrx_word' id='word_1_214' title='bbox 278 2459 375 2525; x_wconf 80' lang='lat' dir='ltr'>‘Plus,</span> <span class='ocrx_word' id='word_1_215' title='bbox 409 2458 494 2533; x_wconf 76' lang='lat' dir='ltr'>quam</span> <span class='ocrx_word' id='word_1_216' title='bbox 520 2459 662 2534; x_wconf 88' lang='lat' dir='ltr'>pollicitus</span> <span class='ocrx_word' id='word_1_217' title='bbox 691 2470 775 2527; x_wconf 90' lang='lat' dir='ltr'>esset,</span> <span class='ocrx_word' id='word_1_218' title='bbox 803 2457 947 2516; x_wconf 76' lang='lat' dir='ltr'>Caesarem</span> <span class='ocrx_word' id='word_1_219' title='bbox 970 2461 997 2517; x_wconf 92' lang='lat' dir='ltr'>ei</span> <span class='ocrx_word' id='word_1_220' title='bbox 1021 2460 1135 2530; x_wconf 86' lang='lat' dir='ltr'>facere3</span> 
     </span>
     <span class='ocr_line' id='line_1_28' title="bbox 151 2536 1136 2613; baseline 0.002 -19"><span class='ocrx_word' id='word_1_221' title='bbox 151 2536 320 2613; x_wconf 88' lang='lat' dir='ltr'>pollicitum,</span> <span class='ocrx_word' id='word_1_222' title='bbox 345 2557 375 2592; x_wconf 88' lang='lat' dir='ltr'>se</span> <span class='ocrx_word' id='word_1_223' title='bbox 392 2537 422 2592; x_wconf 93' lang='lat' dir='ltr'>in</span> <span class='ocrx_word' id='word_1_224' title='bbox 446 2537 570 2594; x_wconf 84' lang='lat' dir='ltr'>cohortis</span> <span class='ocrx_word' id='word_1_225' title='bbox 589 2539 725 2611; x_wconf 73' lang='lat' dir='ltr'>pretoriae</span> <span class='ocrx_word' id='word_1_226' title='bbox 746 2539 809 2596; x_wconf 91' lang='lat' dir='ltr'>loco</span> <span class='ocrx_word' id='word_1_227' title='bbox 832 2539 973 2595; x_wconf 89' lang='lat' dir='ltr'>decimam</span> <span class='ocrx_word' id='word_1_228' title='bbox 994 2539 1136 2613; x_wconf 85' lang='lat' dir='ltr'>legionem</span> 
     </span>
     <span class='ocr_line' id='line_1_29' title="bbox 152 2615 803 2690; baseline 0.003 -18"><span class='ocrx_word' id='word_1_229' title='bbox 152 2615 333 2684; x_wconf 89' lang='lat' dir='ltr'>habiturum3</span> <span class='ocrx_word' id='word_1_230' title='bbox 355 2620 443 2683; x_wconf 88' lang='lat' dir='ltr'>nunc,</span> <span class='ocrx_word' id='word_1_231' title='bbox 460 2617 496 2672; x_wconf 89' lang='lat' dir='ltr'>ad</span> <span class='ocrx_word' id='word_1_232' title='bbox 509 2634 613 2690; x_wconf 91' lang='lat' dir='ltr'>equum</span> <span class='ocrx_word' id='word_1_233' title='bbox 627 2616 803 2674; x_wconf 61' lang='lat' dir='ltr'>rescribere!</span> 
     </span>
    </p>

    <p class='ocr_par' dir='ltr' id='par_1_3' title="bbox 150 2694 1183 3944">
     <span class='ocr_line' id='line_1_30' title="bbox 191 2694 1136 2768; baseline 0.002 -17"><span class='ocrx_word' id='word_1_234' title='bbox 191 2694 305 2751; x_wconf 90' lang='lat' dir='ltr'>XLIII</span> <span class='ocrx_word' id='word_1_235' title='bbox 348 2694 485 2751; x_wconf 88' lang='lat' dir='ltr'>Planities</span> <span class='ocrx_word' id='word_1_236' title='bbox 503 2705 564 2750; x_wconf 90' lang='lat' dir='ltr'>erat</span> <span class='ocrx_word' id='word_1_237' title='bbox 580 2713 693 2768; x_wconf 85' lang='lat' dir='ltr'>magna,</span> <span class='ocrx_word' id='word_1_238' title='bbox 714 2706 744 2752; x_wconf 91' lang='lat' dir='ltr'>et</span> <span class='ocrx_word' id='word_1_239' title='bbox 764 2696 794 2752; x_wconf 92' lang='lat' dir='ltr'>in</span> <span class='ocrx_word' id='word_1_240' title='bbox 814 2697 849 2752; x_wconf 72' lang='grc' dir='ltr'>ιιι</span> <span class='ocrx_word' id='word_1_241' title='bbox 862 2695 987 2752; x_wconf 88' lang='lat' dir='ltr'>tumulus</span> <span class='ocrx_word' id='word_1_242' title='bbox 1007 2705 1136 2753; x_wconf 87' lang='lat' dir='ltr'>terrenus</span> 
     </span>
     <span class='ocr_line' id='line_1_31' title="bbox 152 2771 1183 2856; baseline 0.003 -26"><span class='ocrx_word' id='word_1_243' title='bbox 152 2771 221 2830; x_wconf 87' lang='lat' dir='ltr'>satis</span> <span class='ocrx_word' id='word_1_244' title='bbox 234 2773 359 2848; x_wconf 90' lang='lat' dir='ltr'>grandis.</span> <span class='ocrx_word' id='word_1_245' title='bbox 401 2773 460 2830; x_wconf 87' lang='lat' dir='ltr'>Hic</span> <span class='ocrx_word' id='word_1_246' title='bbox 474 2772 554 2830; x_wconf 87' lang='lat' dir='ltr'>locus</span> <span class='ocrx_word' id='word_1_247' title='bbox 568 2792 649 2848; x_wconf 73' lang='lat' dir='ltr'>aequo</span> <span class='ocrx_word' id='word_1_248' title='bbox 670 2773 729 2830; x_wconf 88' lang='lat' dir='ltr'>sere</span> <span class='ocrx_word' id='word_1_249' title='bbox 743 2774 870 2856; x_wconf 87' lang='lat' dir='ltr'>spatio</span> <span class='ocrx_word' id='word_1_250' title='bbox 848 2776 883 2831; x_wconf 88' lang='lat' dir='ltr'>ab</span> <span class='ocrx_word' id='word_1_251' title='bbox 898 2774 998 2832; x_wconf 85' lang='lat' dir='ltr'>castris</span> <span class='ocrx_word' id='word_1_252' title='bbox 1011 2774 1136 2850; x_wconf 86' lang='lat' dir='ltr'>utrisque</span> <span class='ocrx_word' id='word_1_253' title='bbox 1146 2779 1183 2832; x_wconf 85' lang='grc'>30</span> 
     </span>
     <span class='ocr_line' id='line_1_32' title="bbox 153 2840 1137 2927; baseline 0.003 -19"><span class='ocrx_word' id='word_1_254' title='bbox 153 2853 258 2908; x_wconf 88' lang='lat' dir='ltr'>aberat.</span> <span class='ocrx_word' id='word_1_255' title='bbox 300 2850 354 2918; x_wconf 81' lang='lat' dir='ltr'>Ed,</span> <span class='ocrx_word' id='word_1_256' title='bbox 374 2862 406 2908; x_wconf 90' lang='lat' dir='ltr'>ut</span> <span class='ocrx_word' id='word_1_257' title='bbox 425 2863 486 2908; x_wconf 88' lang='lat' dir='ltr'>erat</span> <span class='ocrx_word' id='word_1_258' title='bbox 475 2852 625 2918; x_wconf 87' lang='lat' dir='ltr'>tdietum,</span> <span class='ocrx_word' id='word_1_259' title='bbox 647 2853 683 2908; x_wconf 92' lang='lat' dir='ltr'>ad</span> <span class='ocrx_word' id='word_1_260' title='bbox 704 2840 875 2927; x_wconf 83' lang='lat' dir='ltr'>colloquium</span> <span class='ocrx_word' id='word_1_261' title='bbox 893 2863 1040 2910; x_wconf 86' lang='lat' dir='ltr'>venerunt.</span> <span class='ocrx_word' id='word_1_262' title='bbox 1082 2854 1137 2911; x_wconf 92' lang='lat' dir='ltr'>Le-</span> 
     </span>
     <span class='ocr_line' id='line_1_33' title="bbox 151 2930 1137 3020; baseline 0.004 -34"><span class='ocrx_word' id='word_1_263' title='bbox 151 2930 266 3006; x_wconf 83' lang='lat' dir='ltr'>gionem</span> <span class='ocrx_word' id='word_1_264' title='bbox 280 2931 388 2997; x_wconf 70' lang='lat' dir='ltr'>Caesar,</span> <span class='ocrx_word' id='word_1_265' title='bbox 410 2951 495 3020; x_wconf 85' lang='lat' dir='ltr'>quam</span> <span class='ocrx_word' id='word_1_266' title='bbox 516 2931 597 3005; x_wconf 86' lang='lat' dir='ltr'>equis</span> <span class='ocrx_word' id='word_1_267' title='bbox 618 2931 779 2998; x_wconf 82' lang='lat' dir='ltr'>devexerat,</span> <span class='ocrx_word' id='word_1_268' title='bbox 795 2932 926 3007; x_wconf 84' lang='lat' dir='ltr'>passibus</span> <span class='ocrx_word' id='word_1_269' title='bbox 947 2933 1078 2988; x_wconf 91' lang='lat' dir='ltr'>ducentis</span> <span class='ocrx_word' id='word_1_270' title='bbox 1101 2934 1137 2990; x_wconf 92' lang='lat' dir='ltr'>ab</span> 
     </span>
     <span class='ocr_line' id='line_1_34' title="bbox 151 3009 1137 3086; baseline 0.004 -21"><span class='ocrx_word' id='word_1_271' title='bbox 151 3027 187 3066; x_wconf 92' lang='lat' dir='ltr'>eo</span> <span class='ocrx_word' id='word_1_272' title='bbox 206 3009 315 3066; x_wconf 92' lang='lat' dir='ltr'>tumulo</span> <span class='ocrx_word' id='word_1_273' title='bbox 336 3009 490 3066; x_wconf 89' lang='lat' dir='ltr'>constituit.</span> <span class='ocrx_word' id='word_1_274' title='bbox 532 3009 605 3066; x_wconf 91' lang='lat' dir='ltr'>ltem</span> <span class='ocrx_word' id='word_1_275' title='bbox 624 3009 733 3084; x_wconf 87' lang='lat' dir='ltr'>equites</span> <span class='ocrx_word' id='word_1_276' title='bbox 753 3011 887 3067; x_wconf 88' lang='lat' dir='ltr'>Ariovisti</span> <span class='ocrx_word' id='word_1_277' title='bbox 906 3009 970 3086; x_wconf 90' lang='lat' dir='ltr'>pari</span> <span class='ocrx_word' id='word_1_278' title='bbox 990 3010 1137 3069; x_wconf 78' lang='lat' dir='ltr'>intervallo</span> 
     </span>
     <span class='ocr_line' id='line_1_35' title="bbox 152 3087 1137 3165; baseline 0.001 -20"><span class='ocrx_word' id='word_1_279' title='bbox 152 3087 348 3145; x_wconf 87' lang='lat' dir='ltr'>constiterunt.</span> <span class='ocrx_word' id='word_1_280' title='bbox 390 3087 558 3155; x_wconf 85' lang='lat' dir='ltr'>Ariovistus,</span> <span class='ocrx_word' id='word_1_281' title='bbox 568 3107 604 3144; x_wconf 88' lang='lat' dir='ltr'>ex</span> <span class='ocrx_word' id='word_1_282' title='bbox 614 3088 694 3162; x_wconf 90' lang='lat' dir='ltr'>equis</span> <span class='ocrx_word' id='word_1_283' title='bbox 703 3099 734 3145; x_wconf 95' lang='lat' dir='ltr'>ut</span> <span class='ocrx_word' id='word_1_284' title='bbox 744 3089 980 3165; x_wconf 91' lang='lat' dir='ltr'>colloquerentur,</span> <span class='ocrx_word' id='word_1_285' title='bbox 989 3100 1027 3156; x_wconf 89' lang='lat' dir='ltr'>et,</span> <span class='ocrx_word' id='word_1_286' title='bbox 1036 3100 1137 3164; x_wconf 72' lang='lat' dir='ltr'>praeter</span> 
     </span>
     <span class='ocr_line' id='line_1_36' title="bbox 150 3166 1183 3242; baseline 0 -19"><span class='ocrx_word' id='word_1_287' title='bbox 150 3186 192 3232; x_wconf 88' lang='lat' dir='ltr'>se,</span> <span class='ocrx_word' id='word_1_288' title='bbox 214 3167 304 3223; x_wconf 85' lang='lat' dir='ltr'>denos</span> <span class='ocrx_word' id='word_1_289' title='bbox 317 3175 348 3222; x_wconf 92' lang='lat' dir='ltr'>ut</span> <span class='ocrx_word' id='word_1_290' title='bbox 369 3167 404 3222; x_wconf 88' lang='lat' dir='ltr'>ad</span> <span class='ocrx_word' id='word_1_291' title='bbox 423 3166 594 3240; x_wconf 87' lang='lat' dir='ltr'>colloquium</span> <span class='ocrx_word' id='word_1_292' title='bbox 616 3168 801 3233; x_wconf 86' lang='lat' dir='ltr'>adducerent,</span> <span class='ocrx_word' id='word_1_293' title='bbox 823 3168 983 3242; x_wconf 86' lang='lat' dir='ltr'>postulavit.</span> <span class='ocrx_word' id='word_1_294' title='bbox 1024 3168 1080 3224; x_wconf 91' lang='lat' dir='ltr'>Ubi</span> <span class='ocrx_word' id='word_1_295' title='bbox 1101 3167 1136 3224; x_wconf 84' lang='lat' dir='ltr'>eb</span> <span class='ocrx_word' id='word_1_296' title='bbox 1146 3170 1183 3226; x_wconf 84' lang='grc'>35</span> 
     </span>
     <span class='ocr_line' id='line_1_37' title="bbox 152 3245 1137 3318; baseline 0.003 -17"><span class='ocrx_word' id='word_1_297' title='bbox 152 3255 269 3301; x_wconf 88' lang='lat' dir='ltr'>ventum</span> <span class='ocrx_word' id='word_1_298' title='bbox 290 3255 342 3310; x_wconf 85' lang='lat' dir='ltr'>est,</span> <span class='ocrx_word' id='word_1_299' title='bbox 365 3245 472 3311; x_wconf 69' lang='lat' dir='ltr'>Caesar,</span> <span class='ocrx_word' id='word_1_300' title='bbox 488 3245 569 3302; x_wconf 91' lang='lat' dir='ltr'>initio</span> <span class='ocrx_word' id='word_1_301' title='bbox 588 3245 735 3313; x_wconf 88' lang='lat' dir='ltr'>orationis,</span> <span class='ocrx_word' id='word_1_302' title='bbox 749 3265 802 3303; x_wconf 89' lang='lat' dir='ltr'>sua</span> <span class='ocrx_word' id='word_1_303' title='bbox 823 3247 1002 3318; x_wconf 79' lang='lat' dir='ltr'>Senatbsque</span> <span class='ocrx_word' id='word_1_304' title='bbox 1023 3245 1053 3300; x_wconf 88' lang='lat' dir='ltr'>in</span> <span class='ocrx_word' id='word_1_305' title='bbox 1070 3263 1137 3304; x_wconf 88' lang='lat' dir='ltr'>eum</span> 
     </span>
     <span class='ocr_line' id='line_1_38' title="bbox 152 3323 1139 3399; baseline 0.003 -19"><span class='ocrx_word' id='word_1_306' title='bbox 152 3323 295 3382; x_wconf 88' lang='lat' dir='ltr'>beneficia</span> <span class='ocrx_word' id='word_1_307' title='bbox 327 3324 580 3391; x_wconf 88' lang='lat' dir='ltr'>commemoravit3</span> <span class='ocrx_word' id='word_1_308' title='bbox 615 3323 728 3384; x_wconf 64' lang='grc' dir='ltr'>ιιιιιόιι</span> <span class='ocrx_word' id='word_1_309' title='bbox 755 3345 805 3382; x_wconf 91' lang='lat' dir='ltr'>rex</span> <span class='ocrx_word' id='word_1_310' title='bbox 832 3323 987 3399; x_wconf 89' lang='lat' dir='ltr'>appellatus</span> <span class='ocrx_word' id='word_1_311' title='bbox 1012 3333 1088 3380; x_wconf 85' lang='lat' dir='ltr'>essct</span> <span class='ocrx_word' id='word_1_312' title='bbox 1122 3345 1139 3383; x_wconf 85' lang='lat' dir='ltr'>a</span> 
     </span>
     <span class='ocr_line' id='line_1_39' title="bbox 154 3399 1138 3478; baseline 0 -17"><span class='ocrx_word' id='word_1_313' title='bbox 154 3403 272 3467; x_wconf 73' lang='lat' dir='ltr'>Senatu,</span> <span class='ocrx_word' id='word_1_314' title='bbox 286 3399 364 3475; x_wconf 82' lang='lat' dir='ltr'>qubd</span> <span class='ocrx_word' id='word_1_315' title='bbox 379 3401 496 3469; x_wconf 88' lang='lat' dir='ltr'>amicus,</span> <span class='ocrx_word' id='word_1_316' title='bbox 510 3401 585 3477; x_wconf 84' lang='lat' dir='ltr'>qudd</span> <span class='ocrx_word' id='word_1_317' title='bbox 605 3421 726 3460; x_wconf 89' lang='lat' dir='ltr'>munera</span> <span class='ocrx_word' id='word_1_318' title='bbox 739 3403 912 3478; x_wconf 87' lang='lat' dir='ltr'>amplissima</span> <span class='ocrx_word' id='word_1_319' title='bbox 925 3399 1031 3469; x_wconf 91' lang='lat' dir='ltr'>missa3</span> <span class='ocrx_word' id='word_1_320' title='bbox 1052 3422 1138 3478; x_wconf 89' lang='lat' dir='ltr'>quam</span> 
     </span>
     <span class='ocr_line' id='line_1_40' title="bbox 153 3479 1138 3556; baseline 0.004 -21"><span class='ocrx_word' id='word_1_321' title='bbox 153 3499 213 3539; x_wconf 88' lang='lat' dir='ltr'>rem</span> <span class='ocrx_word' id='word_1_322' title='bbox 236 3491 265 3537; x_wconf 91' lang='lat' dir='ltr'>et</span> <span class='ocrx_word' id='word_1_323' title='bbox 290 3479 390 3555; x_wconf 89' lang='lat' dir='ltr'>paucis</span> <span class='ocrx_word' id='word_1_324' title='bbox 414 3480 577 3554; x_wconf 87' lang='lat' dir='ltr'>contiglsse,</span> <span class='ocrx_word' id='word_1_325' title='bbox 604 3491 633 3536; x_wconf 92' lang='lat' dir='ltr'>et</span> <span class='ocrx_word' id='word_1_326' title='bbox 656 3501 706 3556; x_wconf 89' lang='lat' dir='ltr'>pro</span> <span class='ocrx_word' id='word_1_327' title='bbox 733 3481 845 3556; x_wconf 87' lang='lat' dir='ltr'>magnis</span> <span class='ocrx_word' id='word_1_328' title='bbox 868 3479 1016 3536; x_wconf 89' lang='lat' dir='ltr'>hominum</span> <span class='ocrx_word' id='word_1_329' title='bbox 1036 3481 1138 3539; x_wconf 87' lang='lat' dir='ltr'>officiis</span> 
     </span>
     <span class='ocr_line' id='line_1_41' title="bbox 155 3557 1183 3635; baseline 0 -21"><span class='ocrx_word' id='word_1_330' title='bbox 155 3558 307 3616; x_wconf 82' lang='lat' dir='ltr'>consuesse</span> <span class='ocrx_word' id='word_1_331' title='bbox 320 3557 418 3615; x_wconf 90' lang='lat' dir='ltr'>tribui&#39;</span> <span class='ocrx_word' id='word_1_332' title='bbox 436 3558 579 3615; x_wconf 87' lang='lat' dir='ltr'>docebat.</span> <span class='ocrx_word' id='word_1_333' title='bbox 599 3559 706 3627; x_wconf 74' lang='grc' dir='ltr'>ιἰιιιιιιι,</span> <span class='ocrx_word' id='word_1_334' title='bbox 721 3578 807 3635; x_wconf 93' lang='lat' dir='ltr'>quum</span> <span class='ocrx_word' id='word_1_335' title='bbox 821 3576 914 3631; x_wconf 89' lang='lat' dir='ltr'>neque</span> <span class='ocrx_word' id='word_1_336' title='bbox 926 3558 1034 3615; x_wconf 90' lang='lat' dir='ltr'>aditum</span> <span class='ocrx_word' id='word_1_337' title='bbox 1045 3578 1137 3633; x_wconf 90' lang='lat' dir='ltr'>neque</span> <span class='ocrx_word' id='word_1_338' title='bbox 1147 3561 1183 3614; x_wconf 85' lang='grc'>40</span> 
     </span>
     <span class='ocr_line' id='line_1_42' title="bbox 155 3631 1186 3711; baseline 0.002 -20"><span class='ocrx_word' id='word_1_339' title='bbox 155 3651 272 3694; x_wconf 74' lang='grc' dir='ltr'>ιιιιιιιιιιιιι</span> <span class='ocrx_word' id='word_1_340' title='bbox 293 3636 483 3711; x_wconf 87' lang='lat' dir='ltr'>postulandi&#39;</span> <span class='ocrx_word' id='word_1_341' title='bbox 473 3647 578 3711; x_wconf 72' lang='lat' dir='ltr'>justam</span> <span class='ocrx_word' id='word_1_342' title='bbox 600 3637 727 3704; x_wconf 88' lang='lat' dir='ltr'>haberet,</span> <span class='ocrx_word' id='word_1_343' title='bbox 749 3635 890 3694; x_wconf 86' lang='lat' dir='ltr'>beneficio</span> <span class='ocrx_word' id='word_1_344' title='bbox 914 3656 948 3694; x_wconf 90' lang='lat' dir='ltr'>ac</span> <span class='ocrx_word' id='word_1_345' title='bbox 968 3631 1186 3693; x_wconf 88' lang='lat' dir='ltr'>liberalitate&#39;</span> 
     </span>
     <span class='ocr_line' id='line_1_43' title="bbox 155 3713 1136 3803; baseline -0.001 -33"><span class='ocrx_word' id='word_1_346' title='bbox 155 3714 208 3770; x_wconf 73' lang='lat' dir='ltr'>sub</span> <span class='ocrx_word' id='word_1_347' title='bbox 232 3734 265 3771; x_wconf 89' lang='lat' dir='ltr'>ac</span> <span class='ocrx_word' id='word_1_348' title='bbox 287 3715 411 3773; x_wconf 72' lang='lat' dir='ltr'>Senatus</span> <span class='ocrx_word' id='word_1_349' title='bbox 433 3734 470 3771; x_wconf 89' lang='lat' dir='ltr'>ea</span> <span class='ocrx_word' id='word_1_350' title='bbox 492 3715 609 3789; x_wconf 71' lang='lat' dir='ltr'>premia</span> <span class='ocrx_word' id='word_1_351' title='bbox 632 3713 839 3773; x_wconf 65' lang='lat' dir='ltr'>consecutum!</span> <span class='ocrx_word' id='word_1_352' title='bbox 887 3715 1017 3772; x_wconf 85' lang='lat' dir='ltr'>Docebat</span> <span class='ocrx_word' id='word_1_353' title='bbox 1039 3713 1136 3803; x_wconf 84' lang='lat' dir='ltr'>etiam,</span> 
     </span>
     <span class='ocr_line' id='line_1_44' title="bbox 156 3791 1138 3869; baseline -0.005 -15"><span class='ocrx_word' id='word_1_354' title='bbox 156 3791 274 3854; x_wconf 73' lang='lat' dir='ltr'>‘Quam</span> <span class='ocrx_word' id='word_1_355' title='bbox 301 3805 410 3852; x_wconf 85' lang='lat' dir='ltr'>veteres</span> <span class='ocrx_word' id='word_1_356' title='bbox 432 3792 573 3869; x_wconf 69' lang='lat' dir='ltr'>quamque</span> <span class='ocrx_word' id='word_1_357' title='bbox 598 3794 681 3869; x_wconf 82' lang='lat' dir='ltr'>justa</span> <span class='ocrx_word' id='word_1_358' title='bbox 705 3811 799 3850; x_wconf 77' lang='lat' dir='ltr'>cause</span> <span class='ocrx_word' id='word_1_359' title='bbox 826 3791 1077 3850; x_wconf 85' lang='lat' dir='ltr'>necessitudinis</span> <span class='ocrx_word' id='word_1_360' title='bbox 1070 3793 1138 3868; x_wconf 83' lang='lat' dir='ltr'>ipsis</span> 
     </span>
     <span class='ocr_line' id='line_1_45' title="bbox 154 3869 1136 3944; baseline -0.004 -14"><span class='ocrx_word' id='word_1_361' title='bbox 154 3889 221 3930; x_wconf 88' lang='lat' dir='ltr'>cunr</span> <span class='ocrx_word' id='word_1_362' title='bbox 243 3869 346 3928; x_wconf 78' lang='lat' dir='ltr'>AEduis</span> <span class='ocrx_word' id='word_1_363' title='bbox 366 3872 595 3941; x_wconf 86' lang='lat' dir='ltr'>intercederent3</span> <span class='ocrx_word' id='word_1_364' title='bbox 626 3890 689 3944; x_wconf 84' lang='lat' dir='ltr'>quae</span> <span class='ocrx_word' id='word_1_365' title='bbox 711 3871 837 3930; x_wconf 72' lang='lat' dir='ltr'>Senatus</span> <span class='ocrx_word' id='word_1_366' title='bbox 856 3871 996 3936; x_wconf 78' lang='lat' dir='ltr'>commta,</span> <span class='ocrx_word' id='word_1_367' title='bbox 1017 3871 1136 3942; x_wconf 89' lang='lat' dir='ltr'>quoties,</span> 
     </span>
    </p>
   </div>
   <div class='ocr_carea' id='block_1_3' title="bbox 0 0 1301 4424">
    <p class='ocr_par' dir='ltr' id='par_1_4' title="bbox 0 0 1301 4424">
     <span class='ocr_line' id='line_1_46' title="bbox 0 0 1301 4424; baseline 0 0"><span class='ocrx_word' id='word_1_368' title='bbox 0 0 1301 4424; x_wconf 95' lang='lat' dir='ltr'> </span> 
     </span>
    </p>
   </div>
  </div>
 </body>
</html>
