2564 4422
387 339 390 347 ι
416 303 525 389 LIBER
541 303 725 359 ematur.
1058 315 1116 376 109

64 462 238 534 *nouranrnr
255 448 395 534 *bardum
423 406 611 539 altiorilinam,
637 417 777 541 qqiintirnr
807 438 860 510 has
884 403 1089 564 qr‘icdurnr'rq

75 550 167 680 rr
182 521 1067 698 rmtrfflupurittrt

74 689 143 766 pice
159 686 325 760 ἲοιιοῖιιοιᾶ,
338 696 370 744 et
380 705 499 746 ιιιιιιιιιιι
509 687 652 823 Epdqpe
664 706 741 746 same
758 689 951 758 nrorabantur,
965 693 1067 750 inceni-

75 767 216 842 buequea
308 765 426 840 inquere
436 766 519 840 probi
576 785 613 824 an

113 843 236 906 xxm.
314 843 375 904 ur'rs
396 853 494 901 autern
513 843 647 902 omnibus
669 844 789 903 Gallicis
811 847 876 904 hnc
895 845 957 904 lere
977 849 1067 908 form

74 934 127 984 ett-
168 917 284 982 Trabea
305 922 432 996 directe,
441 934 584 998 perpetue
605 922 637 980 in
656 923 875 999 longitudinem,
887 925 1004 1001 paribus
1023 927 1066 986 in·

74 999 204 1060 erulis
221 1001 362 1062 distantes
383 1000 458 1058 inter
475 1020 506 1058 se
528 1001 611 1058 binos
630 1003 728 1079 pedes,
743 1002 773 1059 in
794 1004 853 1061 solo
873 1003 1064 1064 collocentur:

75 1081 123 1138 be
144 1079 341 1140 revinciuntur
362 1078 508 1148 introrsus,
530 1089 560 1136 et
579 1079 668 1138 nrtdto
689 1097 793 1156 aggere
814 1083 980 1141 vestiuntur.
1021 1084 1065 1143 Ea
1148 1091 1152 1098 '

76 1168 186 1226 autem,
212 1177 275 1234 que
301 1157 435 1225 diximus,
462 1158 611 1217 intervalla
633 1159 790 1234 grandibus
816 1160 847 1218 in
872 1161 964 1220 fronte
989 1162 1065 1223 saxis
1076 1167 1110 1221 1⁰

75 1235 273 1304 offerciuntur.
315 1235 371 1296 His
394 1235 541 1296 collocatis
562 1246 592 1294 et
613 1238 830 1314 coagmentatis,
855 1238 928 1296 alins
950 1240 1065 1317 insuper

74 1315 147 1376 crdo
161 1315 309 1392 adjicitur,
318 1315 440 1390 utidenr
454 1315 527 1373 illud
538 1315 717 1374 intervallum
736 1328 978 1393 servemusque
991 1314 1065 1376 inter

75 1393 292 1470 recontingant
312 1393 418 1462 artes,
432 1395 482 1451 ted
495 1394 613 1470 paribus
631 1395 798 1452 intermisse
812 1395 921 1472 spatiis,
935 1396 1064 1473 singule,

75 1471 200 1548 singulis
223 1472 300 1530 saxis
320 1471 486 1548 interjectis,
511 1481 571 1530 arte
594 1473 805 1532 contineantur.
856 1474 908 1530 Sic
929 1475 1066 1552 deinceps

73 1569 165 1610 omme
190 1569 266 1624 opus
286 1550 454 1618 contenitur,
478 1551 547 1608 dum
565 1551 643 1626 justa
666 1551 740 1608 muri
766 1551 885 1609 altitudo
908 1555 1064 1628 expleatur.
1077 1559 1110 1611 15

74 1627 147 1688 Hoc
168 1646 259 1702 qrrtrnr
279 1627 310 1686 in
329 1629 451 1704 speciem
472 1629 693 1702 venientemque
705 1646 777 1702 opus
793 1628 920 1686 deforme
940 1649 998 1688 non
1011 1643 1064 1700 eet,

74 1705 202 1768 demis
219 1705 347 1764 trabibus
359 1725 393 1765 ac
412 1707 497 1775 saris,
511 1726 575 1782 qure
588 1706 674 1764 rectis
694 1704 779 1762 lineis
792 1723 858 1762 siros
878 1707 993 1764 ordines
1008 1727 1066 1765 ser·

74 1795 168 1854 ιιιιιις
193 1794 266 1860 erm,
289 1785 324 1842 nd
342 1786 491 1844 utilitatem
512 1795 551 1843 et.
563 1784 759 1842 defensionem
780 1783 903 1852 urbium,
925 1803 1066 1843 summam
1114 1793 1122 1802 ‘

75 1864 167 1924 haber
177 1863 432 1940 opportunitetem5
453 1862 573 1940 queret
591 1864 627 1921 ab
641 1861 776 1920 incendio
789 1861 871 1938 lapis,
885 1872 914 1920 ct
927 1863 964 1919 ab
978 1863 1066 1922 ariete

75 1941 348 2011 materiadefendit,
369 1961 442 2019 qum,
456 1941 600 2020 perpetuis
614 1941 741 2001 trabibus
761 1941 849 2018 pedes
869 1942 1111 2018 quadragenosssii

75 2021 244 2098 plerumque
265 2021 403 2082 mennas
417 2021 553 2090 revince,
568 2039 661 2097 neque
679 2020 822 2099 perrumpi
841 2041 934 2098 neque
948 2020 1066 2078 distrahi

1092 777 1110 830 5

75 2110 233 2238 potpqu·
274 2179 318 2238 Iis
349 2189 391 2238 tet
416 2181 502 2238 rebus
532 2178 669 2255 impedite
694 2179 916 2257 oppugnatione,
950 2177 1064 2250 milites,

76 2275 166 2332 quum
182 2267 242 2318 toto
261 2268 389 2334 tempore
402 2257 506 2334 frigore
526 2269 556 2317 et
576 2259 697 2316 amiduis
718 2259 855 2316 imbribus
875 2260 1084 2328 tardarentur,

77 2347 177 2396 tamen
197 2336 355 2396 continenti
369 2337 466 2396 labore
485 2338 581 2396 omnia
602 2336 900 2412 haec'superaverunt‚
922 2347 951 2394 et
964 2338 1110 2397 diebus&

77 2414 168 2474 XXV
180 2431 324 2492 aggerem,
337 2415 426 2474 latum
439 2417 528 2492 pedes
538 2415 720 2483 OGCXXX,
736 2416 823 2472 altum
835 2414 924 2490 pedes
937 2415 1064 2482 LXXX,

77 2503 286 2554 exstruxerunt.
326 2495 430 2556 Quum
443 2493 468 2552 is
480 2515 593 2553 murum
608 2494 731 2552 hostium
744 2491 820 2568 pene
834 2491 1022 2566 contingeret,
1037 2502 1066 2548 et

78 2571 180 2630 Cesar
200 2573 236 2630 ad
254 2591 325 2650 opus
345 2574 553 2632 consuetudine
572 2573 737 2639 excubaret,
759 2571 917 2645 militesque
937 2568 1067 2628 cohorta-

78 2661 167 2718 retur,
195 2670 232 2710 ne
257 2653 333 2728 quod
359 2652 483 2712 omnino⁴
502 2663 615 2730 tempus
641 2651 677 2709 ab
702 2669 787 2726 opere
814 2647 1065 2716 intermitteretur;

77 2728 164 2804 paulo
190 2741 255 2789 aute
278 2731 392 2790 tertiam
415 2729 540 2807 vigiliam
564 2742 607 2789 est
629 2730 867 2795 animadversum,
891 2726 999 2784 firmare
1018 2725 1112 2801 ag-ut

78 2826 186 2883 gerent,
200 2828 285 2884 quem
306 2809 442 2868 cuniculo
455 2810 549 2868 hostes
570 2810 798 2868 mecenderant:
819 2807 976 2880 eodemque
996 2814 1066 2861 tem-

77 2905 145 2962 pore
169 2897 230 2948 toto
251 2907 334 2946 muro
357 2888 481 2966 elamore
506 2890 627 2956 sublato,
649 2889 760 2945 duabus
780 2886 869 2962 portis
893 2883 928 2940 ab
948 2892 1067 2957 utroque

76 2963 166 3024 latere
186 2967 308 3026 teriam
321 2967 432 3044 eruptio
451 2969 547 3026 fiebat.
589 2967 649 3024 Alii
663 2967 740 3024 faces
754 2976 837 3040 atque
852 2963 960 3020 aridem
979 2970 1068 3018 mate·

77 3043 149 3103 riem
181 3046 219 3104 de
245 3063 328 3106 muro
360 3046 390 3104 in
417 3065 551 3124 aggerem
583 3046 696 3104 eminus
726 3044 873 3121 jaciebant
898 3039 992 3118 picem
1019 3039 1067 3098 alii

76 3123 256 3202 reliquaeque
276 3144 332 3192 res,
354 3125 457 3200 quibus
476 3127 552 3202 ignis
571 3124 692 3182 excitari
704 3132 805 3198 potest,
827 3120 1003 3188 fundebant;
1024 3129 1066 3186 ut,
1077 3123 1113 3176 ὅ

75 3199 133 3276 qud
153 3200 281 3278 priruirm
303 3215 510 3273 occurreretur,
524 3215 574 3262 aut
592 3205 639 3262 cui
659 3202 840 3258 reiderretm
860 3197 1006 3263 auxilium,
1020 3197 1068 3253 rix

73 3280 149 3338 ratio
162 3281 231 3340 iniri
239 3293 343 3358 posset.
384 3283 509 3351 Temen,
524 3282 600 3358 quiid
612 3281 741 3338 instituto
753 3278 876 3336 Caesaris
884 3278 948 3334 due
956 3292 1067 3362 semper

70 3357 206 3434 legiones
219 3379 272 3436 pro
285 3361 386 3420 caetris
399 3362 591 3431 excubabant,
606 3359 757 3434 pluresque
770 3355 880 3434 partitis
894 3353 1068 3441 temporibus

69 3447 161 3496 erant
185 3437 216 3497 iu
243 3458 340 3515 opere,
367 3440 498 3498 celeriter
525 3439 632 3496 factum
659 3447 713 3504 est,
740 3447 772 3494 ut
798 3433 846 3492 alii
872 3431 1070 3507 eruptionibus

68 3515 253 3585 resisterent,
279 3517 328 3576 alii
350 3529 443 3576 turres
465 3517 646 3582 reducerent,
668 3530 858 3591 aggeremque
881 3511 1113 3572 interscindelti

67 3604 152 3660 rent,
165 3595 260 3656 onnia
273 3594 341 3654 verti
354 3615 391 3652 ex
404 3595 505 3653 castris
525 3594 677 3652 multitudo
691 3593 726 3650 ad
747 3588 982 3666 restinguendum
1001 3610 1069 3649 con·

66 3681 215 3811 curiga}
256 3752 361 3816 Quum
384 3751 415 3810 in
435 3752 569 3810 omnibus
588 3751 669 3817 lecit,
692 3747 862 3823 consumpti
879 3747 939 3823 jem
961 3748 1068 3820 reliqui

64 3839 156 3908 W
176 3829 282 3898 motis,
306 3841 492 3966 pugnarethp,
516 3846 683 3905 semperque
707 3824 836 3885 hostibus
858 3843 923 3903 spes
944 3822 1067 3881 timorie
