2564 4422
53 1401 83 1459 'a

44 364 49 377 ¹
129 371 186 439 ιω
495 366 544 420 nr
560 365 677 422 anano
692 365 853 419 canarno

173 512 310 592 Oppressi
324 511 467 572 Carnutes
480 511 590 589 hyemis
608 509 786 582 difficultate,
800 519 908 569 terrore
929 508 1061 587 periculi,
1076 529 1163 591 quum
1246 524 1250 532 '

173 593 257 651 tectis
283 591 393 668 expulsi
419 591 499 650 nullo
524 590 587 649 loco
612 589 720 648 diutius
745 590 903 648 oonsiatma
930 589 1081 661 auderent,
1109 613 1164 653 nec

174 673 315 748 sylvarum
348 670 481 746 presidio
506 669 722 758 tempestatibus
752 667 912 758 durissimis
943 669 1004 760 tegi
1036 683 1163 746 possent,

175 749 304 841 dispersi,
319 749 426 827 magna
437 759 518 826 parte
531 747 636 846 marsei
649 765 774 817 suorum,
788 747 963 824 dissipantur
976 765 1007 804 m
1027 749 1164 809 finitimas
1262 757 1263 774 ³

150 837 407 966 Wiiiiesbesar
427 917 554 982 tempore
575 905 644 963 anni
662 903 830 962 difficillimo
846 921 934 980 quum
954 903 1025 962 satis
1046 904 1164 966 haberet

174 987 378 1045 convenientes
386 1003 487 1042 manus
495 983 643 1060 dissipare,
652 982 893 1060 nequcdinitium
902 981 970 1040 belli
979 995 1163 1056 nuceretum
1263 1015 1264 1020 κ

174 1075 367 1140 quantumque
382 1063 411 1120 in
424 1064 535 1122 ratione
548 1075 633 1132 essct,
647 1061 823 1138 exploratum
836 1063 963 1129 haberet,
985 1061 1040 1120 sub
1053 1073 1165 1140 tempas
1263 1107 1264 1110 ,

176 1143 336 1202 estivosum
349 1141 459 1200 nullum
475 1161 618 1200 summum
631 1141 737 1199 bellum
749 1157 832 1218 posse
845 1139 983 1200 conflari:
1004 1139 1041 1198 0.
1055 1141 1165 1202 Trebo-

134 1221 257 1285 lonium
277 1241 344 1280 cum
365 1221 396 1280 Il
418 1221 589 1300 legionibus,
609 1239 679 1296 quas
700 1237 799 1278 aecum
819 1217 954 1287 babebat,
978 1218 1009 1277 in
1030 1219 1165 1296 hybernis

175 1300 291 1358 (lasabi
304 1300 467 1370 collocavit;
490 1301 560 1376 ipse,
574 1318 661 1375 quum
679 1297 787 1356 crebris
800 1297 992 1376 legationibus
1005 1297 1164 1358 Remorum

175 1379 280 1436 certior
293 1379 383 1446 lieret,
395 1378 569 1445 Bellovacos,
581 1377 629 1452 qui
648 1375 714 1434 belli
725 1375 816 1454 glorid
824 1375 924 1436 Gallos
933 1395 1033 1435 omnes
1046 1377 1165 1454 Belgas·

175 1473 231 1531 qne
250 1456 432 1531 prestabant,
447 1455 638 1531 finitimasque
652 1455 697 1512 his
710 1455 850 1523 civitates,
864 1456 939 1513 duce
953 1455 1061 1514 Correo
1073 1455 1166 1516 Bello-

176 1552 247 1592 vaco
257 1543 287 1591 et
299 1533 431 1592 Commio
442 1534 591 1603 Atrebate,
600 1534 742 1592 exemitua
751 1551 927 1610 comparare,
940 1545 1023 1610 atque
1034 1534 1065 1591 in
1075 1553 1164 1593 unum

36 1667 39 1674 r
137 1612 271 1674 lblocum
289 1629 402 1689 cogere,
417 1624 449 1672 ut
468 1612 547 1671 omni
560 1612 742 1671 multitudine
761 1612 791 1670 in
812 1611 884 1670 lines
905 1612 1104 1682 Suessionum,
1118 1614 1165 1690 qni

177 1690 280 1750 Remis
290 1702 372 1750 erant
382 1691 519 1759 attributi,
531 1691 659 1760 lacerent
670 1691 902 1768 impressionem
916 1691 1060 1768 pertinere
1071 1703 1165 1751 autem

176 1789 235 1831 non
255 1770 368 1831 tantum
382 1771 418 1829 ad
439 1771 617 1848 dignitatem,
632 1770 683 1828 sed
698 1769 836 1829 etiamad
856 1769 978 1829 salutem
991 1789 1074 1830 snam
1093 1771 1166 1848 judi·

177 1861 266 1919 caret,
278 1850 386 1908 nullam
397 1849 589 1908 calamitatem
603 1848 696 1908 socios
708 1846 815 1926 optime
829 1849 865 1906 de
876 1847 1040 1926 ltepubtict
1051 1850 1166 1910 meritos

136 1947 331 2067 attuit·
343 1929 516 2065 &titt
526 1928 722 2074 “didimi
740 1926 1166 2085 tittdtttdbttt

177 2087 258 2154 duas,
279 2103 351 2161 quaa
371 2085 504 2152 habebat,
520 2083 683 2151 adduceret,
699 2083 872 2160 alteramque
891 2103 928 2146 ex
950 2085 1064 2144 duabus
1078 2087 1116 2145 ab
1128 2085 1164 2145 Τ.

177 2163 307 2221 Labieno
330 2162 456 2219 arcessit.
508 2159 564 2234 Ita,
589 2157 728 2238 quantum
754 2162 945 2238 hybernorum
970 2167 1166 2242 opportunitas

177 2241 299 2316 bellique
313 2239 386 2298 ratio
402 2239 572 2316 postulabat,
586 2250 723 2317 perpetuo
742 2260 795 2300 suo
806 2242 913 2311 labore,
927 2243 1061 2303 invicem
1080 2243 1166 2322 legio·

177 2319 264 2377 nibus
280 2317 494 2395 expeditionum
507 2337 580 2377 onus
593 2319 770 2398 injungebat

135 2403 171 2458 25
216 2396 286 2456 VII.
329 2397 385 2456 His
405 2397 495 2476 copiis
515 2399 633 2468 coactis,
655 2399 691 2458 ad
705 2399 871 2459 Bellovacos
890 2399 1091 2477 proficiscitur,
1106 2421 1166 2461 cas·

177 2477 282 2554 trisque
306 2472 336 2536 in
357 2497 456 2537 eorum
478 2477 585 2537 linibus
603 2479 711 2556 positis,
723 2479 851 2556 equitum
874 2489 982 2538 turmas
1004 2480 1124 2540 dimittit
1136 2480 1165 2539 in

176 2575 275 2620 omncs
288 2567 383 2636 partes
403 2557 442 2616 ad
454 2557 562 2635 aliquos
580 2557 774 2636 excipiendos,
788 2577 825 2618 ex
844 2559 947 2635 quibus
960 2557 1086 2617 hostium
1100 2579 1167 2619 con-

177 2637 240 2696 silia
253 2647 446 2714 cognosceret.
468 2635 617 2713 =Equites,
632 2637 727 2696 officio
741 2637 842 2706 functi,
856 2637 1036 2705 renunciant,
1058 2657 1166 2715 paucos

178 2716 208 2774 in
222 2715 351 2774 aediliciis
364 2734 427 2773 esse
449 2715 589 2787 inventos,
604 2725 687 2792 atque
709 2716 771 2785 hos,
785 2734 844 2774 non
855 2715 904 2793 qui
925 2733 1055 2794 agrorum
1068 2715 1167 2774 colen·

135 2795 278 2853 {ttldorum
291 2793 380 2851 causi
399 2793 613 2860 remansissent,
634 2794 770 2869 (namque
782 2813 846 2851 esse
867 2795 993 2871 undique
1013 2793 1166 2886 diligenter

178 2873 392 2952 demigratum)
415 2871 465 2929 sed
486 2870 532 2946 qui
555 2872 722 2947 speculandi
776 2872 833 2930 atita
853 2880 949 2932 essent
969 2873 1090 2932 remissi.
1138 2874 1166 2931 A

177 2953 279 3028 quibus
292 2971 379 3028 quum
393 2960 532 3028 quereret
545 2949 652 3017 Caesar,
673 2968 729 3026 quo
753 2969 806 3009 oco
818 2951 969 3010 multitudo
986 2961 1062 3010 esset
1075 2951 1162 3011 Bello·

178 3049 321 3098 raoorum,
335 3029 445 3107 quodve
459 3040 534 3087 esset
547 3029 698 3088 consilium
711 3048 819 3098 eorum,
834 3029 1006 3099 inveniebat,
1022 3030 1167 3089 ‘Bellova-

179 3127 228 3167 cos
240 3123 349 3175 omnes,
358 3108 406 3182 qui
421 3127 500 3165 arma
510 3108 584 3165 serre
593 3119 719 3184 possent,
734 3107 765 3165 in
775 3127 865 3166 unum
875 3109 970 3168 locum
979 3110 1166 3178 convenisset

17 3257 18 3264 ἵ
137 3189 303 3265 85iternque
317 3185 486 3258 Ambianos,
501 3184 650 3253 Aulercos,
672 3185 797 3256 Caletos,
812 3187 991 3257 velocasses,
1014 3187 1167 3246 Atrebates

179 3267 273 3326 locum
300 3265 401 3326 castris
421 3263 577 3332 excelsum,
601 3263 632 3321 in
653 3264 730 3342 sylvi
754 3265 933 3326 circumdati
953 3267 1068 3343 palude,
1091 3265 1168 3324 dele·

179 3345 271 3418 gisse;
292 3345 389 3406 omnia
399 3339 602 3421 impedimenta
610 3340 641 3400 in
649 3343 796 3403 ulteriores
804 3345 896 3422 sylvas
904 3344 1076 3416 contulisse3
1090 3363 1167 3405 com·

178 3421 274 3496 plures
287 3444 350 3484 esse
367 3423 511 3502 principes
524 3421 591 3480 belli
606 3433 746 3491 auctores,
757 3425 808 3481 sed
818 3423 1031 3484 multitudinem
1041 3421 1167 3482 maximi

180 3497 288 3555 Correo
300 3504 505 3580 obtemperare,
520 3499 597 3578 qndd
610 3501 638 3559 ei
658 3520 769 3561 summo
781 3522 844 3562 esse
862 3503 929 3562 odio
942 3522 1049 3561 nomen
1066 3501 1168 3578 Populi

138 3575 308 3636 toRomani
334 3580 562 3651 intellexissent3
590 3580 691 3672 paucis
715 3580 782 3640 ante
809 3583 910 3641 diebus
935 3581 1041 3641 erbis
1066 3581 1168 3640 castris

182 3653 349 3714 Atrebatem
375 3657 540 3718 Commium
568 3657 743 3729 dracessrsse,
769 3661 805 3719 ad
833 3661 937 3720 auxilia
957 3659 1168 3719 Germanorum
1265 3729 1267 3738 Ι

181 3734 361 3800 adducenda,
375 3751 495 3805 quorum
510 3749 539 3794 et
552 3737 684 3796 vicinitas
716 3739 863 3815 ropinqua,
877 3749 907 3796 et
926 3738 1082 3798 multitudo
1093 3749 1168 3796 esset

182 3813 312 3873 infinita:
341 3807 521 3868 conatimiasa
544 3825 639 3872 autem
659 3759 834 3882 Beiiovacos,
855 3816 985 3874 omnium
1005 3817 1167 3895 principum

182 3909 334 3960 consensu,
355 3882 468 3946 summi
486 3885 577 3958 plebis
596 3891 762 3964 cupiditate,
784 3891 809 3948 si
823 3891 869 3968 (ut
892 3882 1055 3976 dicebatur)
1070 3895 1169 3953 Cesar
