2590 4442
569 347 841 402 ennaremus.
951 320 958 324 ’
1211 355 1249 418 ιι

248 491 399 550 XXXIX.
440 491 520 550 Dum
545 511 653 567 paucos
684 492 748 550 dies
773 494 810 553 ad
835 493 1041 554 Vemntioneru
1070 493 1112 554 rei
1142 495 1199 555 irn-

133 611 137 615 -
210 574 357 630 maritarie
378 571 609 647 comnreatrisque
633 572 723 632 causi
748 571 882 639 moratur,
904 591 940 630 ex
961 578 1198 666 percunctatione

185 681 187 688 ι
209 661 369 709 nostrorum
387 651 560 725 vocibusque
580 652 729 710 Gallorum
751 669 786 708 ac
807 657 1038 729 ιιοιιιιιοιιιιι-,ιι
1039 653 1068 710 ιι
1086 653 1198 730 ingenti

209 730 407 819 magnitudine
433 749 582 805 corporum
603 731 773 798 Germanos,
798 729 962 788 incredibili
988 674 1088 790 aniate
1112 743 1197 808 atque
1248 735 1252 742 ⁴

207 808 416 866 exercitatione
424 808 455 864 in
470 807 556 866 armis
564 828 626 866 esse
638 809 844 884 predicabant,
856 827 1121 885 sepenumerosese
1129 829 1198 869 cum
1229 816 1250 870 5

208 887 251 944 eis
264 905 433 976 congressos
446 906 483 943 ne
497 886 606 944 vultum
619 889 733 976 quidem
747 898 831 962 atque
852 887 946 946 aciem
958 887 1105 946 oculorum
1124 890 1217 948 terre·

101 1003 106 1011 ·
208 966 343 1040 potuisse,
367 974 464 1023 tantus
488 962 583 1022 subiib
606 965 690 1022 timor
717 985 840 1023 omnem
854 966 1013 1024 exercitum
1037 968 1196 1042 occupavit,

209 1054 240 1100 ιι
260 1063 318 1102 non
335 1044 520 1102 mediocriter
539 1043 668 1102 omnium
688 1055 798 1102 mentes
822 1046 987 1120 animosque
1010 1046 1196 1120 perturbaret.
1284 1091 1292 1100 ,

153 1121 183 1142 ”
207 1121 269 1178 Ηιι
289 1123 413 1197 primum
434 1133 511 1180 ortus
534 1132 578 1180 est
599 1141 616 1178 a
638 1122 760 1179 tribunis
780 1123 901 1180 militum
923 1143 957 1181 ac
972 1123 1114 1200 praefectis
1134 1123 1198 1182 reli-

209 1200 338 1276 quisque,
360 1202 456 1276 quiex
477 1201 565 1268 Urbe,
588 1201 723 1259 amicitiae
745 1201 844 1268 causi,
858 1202 1003 1260 Cesaram
1016 1202 1117 1270 secuti,
1139 1221 1197 1260 non
1215 1206 1250 1261 ιιι

208 1295 345 1355 magnum
367 1281 396 1337 in
419 1300 450 1337 re
471 1279 587 1337 militari
609 1299 691 1337 usum
711 1281 876 1338 habebant:
897 1298 1017 1355 quorum
1039 1281 1120 1348 alius,
1142 1281 1199 1338 ulii

207 1359 295 1414 causti
316 1359 404 1426 illati,
424 1378 511 1434 quam
531 1359 586 1416 sibi
606 1360 643 1416 ad
663 1359 905 1435 proficiscendum
929 1359 1120 1416 necessariam
1135 1377 1198 1416 esee

206 1436 344 1506 dicerent,
358 1438 503 1513 petebant,
518 1441 557 1495 'ut
577 1438 640 1513 ejus
653 1438 798 1496 voluntate
820 1438 969 1496 discedere
989 1437 1106 1496 liceret:
1127 1456 1199 1496 non-

206 1515 287 1582 nulli,
301 1518 408 1592 pudore
428 1517 554 1584 adducti,
569 1527 600 1573 ut
620 1516 730 1574 timoris
743 1516 936 1592 suspicionem
954 1517 1086 1584 vitarent,
1106 1535 1199 1574 rema·

207 1594 324 1650 nebant.
366 1595 408 1650 lli
421 1613 514 1668 neque
528 1595 637 1651 vultum
651 1596 758 1670 lingere
772 1614 864 1670 neque
879 1596 1026 1658 interdum,
1035 1596 1199 1670 lachrymas
1216 1597 1249 1654 ιι

208 1680 306 1726 tenere
325 1681 475 1744 poterant:
497 1673 586 1728 abditi
600 1673 629 1728 in
650 1673 843 1729 tabernaculis
861 1683 910 1730 aut
923 1692 1007 1730 suurn
1027 1674 1117 1731 saturn
1130 1691 1198 1746 que-

209 1749 354 1815 rebantur,
384 1759 432 1804 aut
458 1767 525 1805 cum
560 1749 746 1806 familiaribus
773 1751 832 1806 suis
858 1770 1011 1807 commune
1039 1751 1198 1825 periculum

206 1826 425 1884 miserabantur.
467 1825 565 1902 Vulgo
579 1827 645 1884 totis
663 1827 764 1884 castris
777 1836 948 1885 testamenta
961 1827 1196 1917 obsignabantur.

207 1905 318 1962 Horum
338 1906 456 1962 vocibus
478 1925 512 1963 ac
526 1906 638 1972 timore,
652 1905 790 1981 paulatim
803 1905 890 1962 etiarn
910 1906 941 1973 ii,
955 1907 1003 1981 qui
1017 1923 1153 1995 magnum
1166 1906 1197 1963 in

206 1983 306 2042 castris
317 2004 400 2042 usum
412 1986 566 2052 habebant,
579 1985 684 2042 milites
696 1983 945 2059 centurionesque,
957 1983 1060 2071 quique
1070 1983 1197 2058 equitatu
1212 1991 1248 2046 w

204 2074 355 2152 praeerant,
376 2057 630 2138 perturbabantur.
654 2061 741 2136 lQui
768 2082 799 2120 se
826 2082 862 2120 err
890 2063 934 2150 his
960 2061 1057 2120 minus
1083 2063 1197 2120 timidus

206 2141 361 2200 existimari
388 2143 529 2210 volebant,
557 2162 615 2200 non
649 2161 679 2199 se
707 2143 842 2200 hostem
844 2139 943 2208 vereri,
971 2141 1022 2197 sed
1050 2141 1197 2216 angustias

206 2219 324 2308 itineris,
344 2231 374 2278 et
391 2222 620 2298 magnitudinem
641 2221 872 2296 sylvarumque
893 2219 1130 2277 intercederent
1123 2229 1210 2278 mter

35 2331 41 2342 ·
103 2337 108 2348 ι
206 2297 280 2374 ipsos
302 2311 385 2374 atque
400 2301 585 2389 Ariovistum,
602 2311 650 2357 aut
671 2319 731 2356 rem
752 2297 965 2356 frumentariam
979 2308 1011 2354 nt
1031 2297 1101 2356 satis
1119 2317 1197 2356 com·

206 2377 290 2434 mode
311 2379 471 2452 supportari
491 2389 596 2452 posset,
625 2379 726 2434 timere
750 2377 892 2433 dicebant.
941 2376 1082 2434 Nonnulli
1108 2375 1195 2434 etiam
1212 2383 1248 2436 25

207 2454 315 2511 Caesari
341 2457 562 2521 renunciabant,
590 2475 678 2529 quum
708 2463 802 2510 castra
827 2454 935 2511 moveri
961 2474 996 2511 ac
1020 2455 1103 2530 signa
1129 2454 1196 2511 ferri

205 2531 351 2607 jussisset:
359 2551 417 2590 non
429 2534 488 2590 fore
502 2531 580 2590 di'cto
590 2533 739 2589 audientes
751 2531 865 2596 milites,
878 2550 933 2588 nec
942 2543 1055 2607 propter
1066 2533 1196 2590 timorem

207 2609 293 2685 signa
306 2612 422 2668 laturos

245 2689 310 2746 XL
354 2691 426 2748 Haec
459 2709 548 2766 quum
582 2685 837 2751 animadvertisset,
872 2696 1029 2743 convocato
1063 2687 1196 2755 concilio,

205 2769 389 2845 omniumque
403 2769 535 2827 ordinum
553 2765 633 2823 adid
648 2763 803 2822 concilium
817 2764 953 2822 adhibitis
970 2765 1196 2854 centurionibus,
1211 2774 1248 2829 w

206 2848 388 2906 vehementer
399 2867 448 2906 eos
458 2845 614 2905 incusavit.
631 2841 788 2914 ‘Primum
796 2842 873 2918 quaid
885 2853 934 2900 aut
941 2863 1027 2919 qnam
1039 2845 1076 2902 in
1074 2855 1196 2920 partem,

206 2937 255 2982 aut
275 2945 331 3000 quo
344 2927 463 2984 consilio
477 2925 661 2990 ducerentur,
676 2922 731 2980 sibi
744 2923 930 2997 quaerendum
952 2934 1001 2980 ant
1011 2924 1197 2998 cogitandum

204 3023 243 3079 pu
245 3015 346 3062 tarent.
382 3003 566 3076 Ariovistum,
577 3021 608 3058 se
620 3002 737 3058 consule
741 3000 945 3076 ,cupidissime
957 3001 1057 3076 Populi
1069 3002 1196 3060 Romani

182 3117 185 3120 ·
206 3083 362 3140 amicitiam
375 3080 534 3156 appetisse3
556 3097 607 3137 cur
616 3082 643 3136 b·
637 3099 694 3141 ιιιιι
705 3089 763 3136 tem
777 3091 884 3138 temere
897 3081 1046 3155 quisquam
1059 3081 1196 3140 abofficio

205 3161 397 3219 discessurum
428 3159 594 3234 judicareti
647 3159 710 3216 Sibi
716 3159 845 3237 quidem
869 3160 1045 3234 persuaderi,
1074 3161 1196 3257 qognitis
1211 3167 1247 3223 35

205 3241 264 3297 suis
288 3238 445 3314 postulatis,
469 3248 552 3313 atque
576 3239 709 3313 equitate
731 3238 929 3296 conditionum
949 3237 1110 3314 perspecti,
1128 3259 1196 3298 eum

205 3337 298 3392 neque
322 3332 413 3383 suam,
436 3335 528 3392 neque
553 3317 655 3392 Populi
679 3317 805 3374 Romani
830 3317 951 3391 gratiam
972 3315 1195 3404 repudiaturum.

203 3397 295 3458 Quid
319 3395 343 3452 si
371 3396 463 3452 furore
488 3406 571 3470 atque
597 3395 722 3452 amantii
746 3395 883 3470 impulsus
911 3393 1016 3450 bellum
1044 3377 1194 3486 intulisset,

203 3475 271 3550 quid
286 3475 402 3532 tandem
417 3477 601 3538 vererentur?
624 3484 673 3530 aut
686 3493 737 3530 cur
751 3475 787 3530 de
801 3473 855 3529 sut
868 3471 980 3540 virtute,
995 3484 1043 3530 aut
1055 3477 1113 3532 de
1106 3477 1195 3550 rpsins

205 3553 354 3629 diligentia
366 3554 452 3627 desp'e
454 3554 569 3610 rarentl
612 3551 770 3612 Factum'
745 3570 807 3626 ejus
819 3549 907 3607 bostis
916 3551 1073 3627 periculum
1081 3564 1194 3630 patrum
1210 3560 1245 3615 tu

206 3643 364 3689 nostrorum
386 3630 535 3698 memoria,
555 3622 654 3703 quurn,
669 3629 796 3687 Cimbris
815 3639 844 3686 et
858 3627 999 3689 Teutonis
1020 3632 1085 3710 aC
1100 3631 1195 3690 lilerio

206 3707 303 3781 pulsis,
317 3731 383 3768 narr
396 3709 536 3768 minorem
550 3707 664 3765 laudern
684 3706 836 3796 exercitus,
850 3708 964 3799 quiq]
957 3729 1016 3785 rpse
1031 3673 1193 3782 impieretur,

206 3785 322 3844 meritus
349 3789 519 3846 videbatur:
535 3787 662 3844 factum
688 3785 775 3843 etiam
801 3806 891 3863 nuper
918 3788 948 3845 in
976 3785 1071 3852 ltalia,
1099 3786 1194 3842 servili

205 3864 338 3932 tumultu,
351 3885 421 3941 quos
432 3879 531 4002 ιιιιιι
552 3865 654 3940 aliquis
668 3883 736 3922 usus
749 3884 784 3924 ac
803 3865 965 3941 disciplina,
980 3882 1066 3937 quam
1080 3883 1098 3918 a
1110 3859 1195 3920 nobis
