2590 4424
33 293 41 304 ’
115 345 141 412 0
474 343 524 394 ns
540 341 657 394 annio
674 340 834 394 uranico

194 449 292 548 ἰιιιι
335 463 400 546 noa
420 488 518 565 prauo
532 488 617 560 aaa,
638 487 761 562 reliquas
780 485 878 562 sopra
899 483 1094 545 serenorum
1117 496 1151 546 ur

164 567 301 644 consequi
317 577 421 643 possm,
434 575 550 643 ponterri
565 567 594 623 in
616 566 701 624 Arari
722 565 884 623 laciendum
904 576 996 637 curat,
1011 577 1093 640 atque
1108 566 1150 624 ita

164 647 321 706 exercitum
341 645 473 703 traducit.
516 645 651 711 Helvetii,
676 644 825 720 repentino
843 644 905 719 ejus
928 645 1050 702 adventu
1071 663 1150 702 conr-

114 763 118 770 ·
165 726 243 792 moti,
257 743 343 801 quum
358 725 398 791 id,
412 724 487 799 quod
502 723 555 798 ipsi
565 724 666 780 diebus
680 723 779 798 viginti
791 721 938 797 egerrime
953 723 1146 790 conseverunt,

134 811 196 862 5ut
222 803 328 879 flumen
354 802 517 868 transirent,
546 821 603 859 uno
636 802 714 858 illurn
741 802 788 858 die
815 802 916 858 fecisse
946 801 1146 876 intelligerent,

164 882 273 958 legatos
294 883 330 940 ad
353 901 420 938 eum
443 881 580 938 mittunt:
611 881 693 956 cujus
716 879 866 956 legationis
890 879 993 937 Divico
1015 881 1147 955 princeps

166 961 227 1028 fuit,
241 961 290 1035 qui
310 960 383 1016 bello
396 957 536 1016 Cassiano
548 959 607 1016 dux
628 957 824 1016 Helvetiorum
838 958 936 1014 linerat.
977 957 1007 1014 ls
1028 958 1067 1014 ita
1080 977 1147 1014 curn

100 1103 104 1110 ¹
166 1038 281 1096 Oaesare
305 1037 382 1112 agit:
405 1038 457 1094 ‘Si
477 1056 578 1114 pacem
603 1038 728 1112 Populus
749 1037 899 1094 Romanus
919 1053 986 1091 cum
1008 1036 1148 1093 Helvetiis

166 1115 282 1184 faceret,
296 1115 328 1172 in
340 1135 405 1174 cam
418 1128 527 1192 partem
542 1116 630 1173 ituros
656 1125 739 1190 atque
754 1114 793 1170 ibi
808 1113 915 1170 suturos
927 1114 1083 1182 Helvetios,
1098 1116 1147 1172 ubi

119 1203 153 1256 10
166 1213 214 1252 eos
223 1195 321 1252 Caesar
334 1194 528 1252 constituisset
539 1204 622 1268 atque
637 1211 699 1249 esse
712 1193 857 1249 voluisset:
878 1193 922 1248 sin
937 1193 1010 1250 bello
1017 1193 1147 1268 persequi

165 1283 366 1350 perseveraret,
394 1272 624 1329 reminisceretur
652 1282 682 1328 et
707 1270 808 1327 veteris
841 1265 1014 1328 incommodi
1047 1271 1148 1346 Populi

167 1351 293 1409 Romani
314 1362 343 1408 et
362 1350 488 1426 pristinae
509 1348 619 1406 virtutis
639 1348 843 1407 Helvetiorum.
884 1347 974 1410 Quod
996 1348 1148 1424 impmvisd

166 1447 255 1486 unum
270 1447 376 1504 pagum
398 1429 512 1485 adortus
531 1438 615 1494 esset,
629 1446 717 1502 quum
730 1428 761 1494 ii,
775 1427 823 1503 qni
844 1427 949 1484 flumen
970 1428 1148 1496 transissent,

167 1507 226 1564 suis
250 1506 386 1564 auxilium
406 1506 482 1563 ,serre
505 1525 563 1563 non
586 1517 711 1581 possent,
732 1525 769 1564 ne
796 1507 917 1563 obeam
939 1525 999 1562 rem
1022 1520 1070 1564 aut
1090 1525 1149 1562 suae

121 1593 154 1646 15
167 1605 338 1662 magnopere
359 1585 454 1642 virtuti
475 1585 620 1652 tribueret,
644 1596 692 1642 aut
715 1585 790 1661 ipsos
811 1585 988 1660 despiceret:
1017 1605 1047 1642 se
1069 1585 1108 1642 ita
1132 1605 1150 1642 a

167 1665 294 1740 patribus
315 1663 522 1740 majoribusque
544 1663 603 1720 suis
616 1664 760 1736 didicisse,
775 1675 807 1721 ut
824 1661 917 1738 magis
935 1663 1047 1730 virtute,
1062 1665 1147 1738 quim

168 1744 232 1801 dolo
252 1744 467 1810 contenderent,
483 1753 531 1800 aut
549 1742 660 1800 insidiis
680 1744 845 1800 niterentur.
882 1742 997 1808 Quare,
1016 1761 1053 1798 ne
1074 1761 1150 1800 eorn-

168 1821 300 1888 mitteret,
322 1832 353 1879 ut
371 1822 395 1878 is
415 1823 505 1890 locus,
522 1822 570 1878 ubi
591 1822 794 1887 constitissent,
808 1840 844 1877 ex
865 1820 1027 1878 calamitate
1048 1820 1149 1896 Populi

168 1899 294 1958 Romani
307 1911 337 1957 et
350 1899 546 1958 internecione
559 1899 721 1956 excercitiis
734 1917 838 1956 nomen
857 1909 982 1974 caperet,
998 1919 1031 1956 ac
1045 1917 1151 1956 memo·

120 1983 156 2037 20
167 1979 239 2036 riam
252 1980 401 2054 proderet!

207 2057 291 2124 xlv.
333 2057 389 2112 His
402 2057 500 2113 Caesar
514 2056 554 2113 ita
573 2055 738 2130 respondit:
780 2055 841 2112 ‘Eo
861 2055 915 2112 sibi
929 2055 1024 2126 minus
1040 2055 1151 2114 dubita·

167 2135 259 2192 tionis.
273 2134 344 2200 dari,
361 2133 438 2208 quod
458 2153 507 2192 eas
519 2153 574 2201 res,
590 2153 660 2208 quas
680 2133 766 2209 legati
788 2134 912 2191 Helvetii
932 2136 1150 2192 commemoras-

169 2223 240 2279 sent,
263 2212 398 2269 memoria
422 2223 549 2281 tenerct;
579 2225 662 2288 atque
682 2232 718 2272 eo
739 2211 853 2288 gravide
874 2212 955 2280 fe'rre,
979 2233 1036 2288 quo
1054 2211 1149 2271 minius

167 2291 268 2354 merito
289 2290 389 2366 Populi
416 2290 542 2348 Romani
564 2291 736 2348 accidisset:
765 2291 813 2366 qui
841 2291 864 2348 si
893 2291 1012 2367 alicujus
1039 2291 1149 2366 injuriae

120 2375 156 2428 25
168 2369 221 2425 sibi
242 2369 375 2426 conscius
385 2370 503 2439 luisset,
526 2389 582 2428 non
605 2369 691 2426 fuisso
705 2370 820 2427 difficile
841 2389 961 2440 carere3
982 2372 1032 2427 sed
1053 2387 1088 2427 eo
1101 2371 1150 2426 de-

167 2458 291 2524 ceptum,
319 2447 395 2523 qubd
422 2467 514 2524 neque
541 2449 726 2507 commissum
751 2469 767 2507 a
793 2469 823 2506 se
855 2449 1034 2525 intelligeret,
1062 2467 1148 2523 quare
1239 2458 1243 2470 ’

84 2527 96 2549 ⁰
167 2527 296 2596 timeret3
330 2547 422 2602 neque
448 2527 510 2586 sine
537 2530 624 2586 causti
651 2528 809 2587 timendum
835 2538 955 2603 putaret.
1009 2526 1099 2588 Quod
1126 2527 1150 2584 si

167 2607 268 2664 veteris
289 2607 469 2664 contumelia
486 2608 615 2664 oblivisci
631 2609 724 2673 vellet,
745 2626 813 2664 num
828 2606 915 2663 etiam
928 2606 1086 2663 recentium
1107 2605 1151 2662 in·

164 2684 312 2759 jnriarum,
325 2684 401 2758 quird
416 2705 450 2742 eo
471 2685 567 2751 invito,
582 2686 634 2742 iter
654 2705 705 2758 per
718 2683 898 2742 Provinciam
911 2703 960 2759 per
975 2684 1031 2741 vim
1045 2686 1174 2742 tentas-s

120 2767 154 2821 30
167 2772 248 2832 sent3
270 2761 346 2837 quod
361 2763 480 2828 AEduoS,
499 2761 576 2836 qood
590 2765 756 2829 Ambarros,
771 2759 847 2838 qubd
862 2763 1031 2838 Allobrogas
1052 2765 1150 2820 vestis-

167 2851 239 2908 sent,
262 2841 426 2898 memoriam
448 2841 590 2917 deponere
610 2843 728 2915 posset?
768 2839 859 2902 Quod
880 2843 932 2899 sud
952 2842 1070 2899 victoris
1090 2851 1149 2898 tam
1169 2843 1180 2882 l

167 2919 320 2976 insolenter
340 2919 537 2993 gloriarentur,
559 2918 690 2994 qubdque
712 2929 768 2978 tarn
791 2919 841 2978 diir
863 2939 893 2976 se
915 2921 1030 2996 impune
1051 2919 1150 2976 tulisse

167 2997 284 3073 injurias
319 2999 534 3066 admirarentur,
560 2997 663 3055 eodem
680 2999 858 3074 pertinere:
892 2999 1045 3056 consuesse
1071 2997 1149 3055 enirn

167 3076 243 3134 Deos
254 3075 435 3156 immortales,
446 3070 502 3151 qdo
514 3075 628 3152 gravius
639 3077 767 3133 homines
778 3097 813 3134 ex
824 3079 1044 3160 commutptione
1055 3069 1149 3133 rerum

120 3161 155 3214 35
166 3155 374 3230 doleantrqms
387 3173 438 3230 pro
451 3156 558 3212 scelere
571 3167 669 3211 eorum
682 3155 783 3212 ulcisci
798 3156 895 3232 ιειιιιιιι
909 3157 953 3231 luis
967 3143 1163 3213 secundiore?

145 3251 147 3259 ’
167 3233 309 3293 interdum
322 3255 367 3292 rer
378 3245 406 3291 et
417 3233 621 3291 diuturniorem
632 3234 830 3309 impunitatem
837 3221 1007 3292 condedere.
1020 3244 1029 3266 '²
1048 3235 1149 3295 Quum

167 3329 202 3367 ea
223 3313 262 3369 ita
282 3315 348 3381 sint,
363 3325 470 3380 tamen,
492 3311 515 3369 si
529 3313 643 3370 obsides
664 3313 700 3370 ab
714 3312 749 3369 iis
770 3313 824 3370 sibi
838 3315 950 3382 dentur,
965 3313 1005 3371 uti
1027 3332 1072 3378 ea,
1087 3331 1149 3387 quas

166 3389 361 3464 polliceantur,
377 3394 500 3451 facturos
521 3391 677 3467 intelligat;
698 3402 727 3448 et
741 3391 763 3447 si
779 3392 881 3449 AEduis
895 3395 931 3450 de
945 3391 1065 3466 injuriis,
1079 3407 1149 3464 quas

167 3466 235 3541 ipsis
248 3466 388 3542 sociisque
401 3477 498 3530 eorum
519 3470 684 3539 intulerint;
706 3470 773 3527 item
787 3471 810 3528 si
825 3471 1027 3546 Allobrogibus
1041 3469 1151 3526 satissa-

119 3549 155 3604 lo
167 3545 255 3611 ciant,
270 3563 332 3601 sese
345 3565 411 3604 curn
425 3551 459 3606 iis
471 3571 572 3626 pacem
593 3569 656 3607 esse
670 3550 829 3607 facturum!
870 3549 973 3606 Divico
986 3548 1149 3624 respondit:

168 3623 231 3682 ‘Ita
251 3623 399 3698 Helvetios
418 3645 436 3682 a
457 3631 610 3705 majoribus
630 3627 690 3688 suis
713 3628 856 3686 institutos
878 3646 952 3694 esre,
973 3625 1015 3686 uti
1036 3628 1151 3685 obsides

167 3703 308 3779 accipere,
330 3723 387 3809 npn
401 3704 480 3770 dare,
493 3709 678 3766 consuerint:
698 3707 761 3782 ejus
774 3705 816 3764 rei
830 3706 970 3778 Populum
984 3707 1150 3764 Romanum

167 3792 381 3920 suggests&
395 3876 530 3935 responso
543 3860 618 3924 dato,
632 3858 772 3914 discessit.
813 3858 930 3914 Postero
942 3861 989 3917 die
1008 3870 1102 3916 casus
1114 3876 1151 3915 ex
1198 3871 1201 3876 “
