2564 4422
177 369 232 428 roe
535 363 716 440 assumo
733 361 892 414 cronico

223 505 351 574 victorii,
374 505 504 565 celeriter
528 507 631 564 amissa
653 516 869 581 recuperaturos
891 503 1099 584 confidebant}
1150 503 1201 562 De
1268 495 1269 550 l

223 586 358 644 liberatur
379 585 554 644 derivatico
574 585 604 642 in
618 583 764 642 communi
785 582 918 649 concilio,
932 581 1050 638 incendi
1071 583 1199 657 placeret,

224 683 261 721 an
274 663 400 722 delendi.
441 662 634 721 Procumbunt
646 661 780 720 omnibus
792 659 884 717 Gallis
904 661 940 716 ad
953 660 1040 734 pedes
1054 659 1199 736 Bituriges,

225 741 290 798 ‘Ne
299 741 519 817 pulcherrimam
531 759 618 816 prope
628 739 715 797 totins
727 738 829 795 Gallie
840 739 950 805 urbem,
961 755 1023 811 qua:
1034 748 1064 794 et
1076 739 1201 813 presidio
1268 767 1270 772 ·

191 827 210 881 t
224 830 254 878 et
266 830 434 879 ornamento
440 818 477 875 sit
489 817 606 888 civitati,-
620 817 680 874 suis
688 817 819 874 manibus
833 815 1008 873 succendere
1022 828 1202 892 cogerentur:
1268 823 1270 892 i

225 897 310 956 facile
334 917 365 955 se
387 897 443 954 loci
462 896 566 953 naturd
591 895 774 952 defensuros’
799 894 908 961 dicunt,
931 893 1036 969 ‘qudd,
1063 913 1149 971 prope
1170 915 1202 953 er
1269 895 1270 942 ἓ

224 976 357 1035 omnibus
369 973 497 1050 partibus
509 971 628 1030 flumine
640 983 670 1030 et
682 973 785 1049 palude
798 972 989 1040 circumdati,
1000 991 1092 1029 unum
1106 974 1202 1031 habeat

224 1065 254 1112 et
266 1062 468 1129 perangustum
480 1052 607 1110 aditum!
648 1050 740 1109 Detur
749 1051 910 1127 petentibus
921 1049 1015 1119 venia,
1026 1051 1202 1109 dissuadente

224 1130 316 1207 prirnd
330 1129 576 1207 Vercingetorige,
589 1128 654 1206 pdst
674 1130 861 1196 concedente,
876 1138 905 1186 et
924 1128 1059 1204 precibus
1075 1129 1200 1206 ipsomm,

177 1219 212 1274 1⁰
225 1209 462 1267 etmisericordid
482 1209 567 1285 vulgi.
609 1207 779 1264 Defensores
798 1207 903 1283 oppido
923 1207 1019 1264 idonei
1037 1207 1200 1284 deliguntur.
1268 1265 1270 1298 1

158 1279 205 1342 Χ
265 1287 349 1347 XVI.
390 1286 608 1362 Vercingetorix
628 1285 785 1342 minoribus
808 1285 953 1342 Gaesarem
975 1286 1125 1344 itineribus
1145 1287 1203 1344 sub

226 1367 361 1442 sequitur,
372 1377 401 1423 et
411 1349 504 1424 locdm
515 1364 616 1420 castris
625 1363 734 1439 deligit,
742 1364 895 1439 paludibus
908 1363 1045 1439 sylvisque
1056 1355 1202 1432 munitdm,

226 1444 263 1500 ab
289 1443 414 1500 Avarico
439 1440 525 1516 longe
551 1441 641 1498 millia
665 1460 800 1516 passuum
827 1440 911 1499 XVI.
968 1441 1013 1498 Ibi
1039 1461 1090 1518 per
1117 1453 1204 1501 certos

225 1520 414 1596 exploratores
440 1519 469 1577 in
502 1519 615 1596 singula
640 1520 698 1577 diei
730 1530 868 1596 tempora,
896 1538 958 1595 quae
991 1520 1026 1576 ad
1052 1521 1203 1590 Araricum

177 1607 212 1661 15
227 1607 388 1674 agerentur,
398 1617 434 1656 co
473 1600 599 1666 cuschet,
610 1609 649 1666 et,
663 1597 731 1673 quid
742 1597 803 1656 lieri
814 1598 906 1666 vellet,
918 1598 1092 1673 imperabat:
1112 1618 1204 1657 omnes

227 1687 338 1734 nostras
362 1678 419 1755 pab
451 1677 559 1736 ationes
585 1675 874 1752 frumentationesque
900 1677 1079 1745 observabat,
1107 1679 1205 1754 disper·

227 1775 339 1832 sosque,
362 1775 449 1832 quum
475 1753 588 1832 longius
611 1755 774 1814 necessario
798 1747 995 1832 procederent,
1021 1756 1203 1822 adoriebatur,

227 1853 387 1912 magnoque
421 1835 601 1893 incommodo
634 1833 797 1892 alliciebat:
831 1833 895 1901 etsi,
928 1843 1067 1910 quantum
1103 1834 1204 1892 ratione

227 1914 367 1990 provideri
379 1923 499 1990 poterat,
514 1913 550 1972 ab
562 1913 666 1972 nostris
678 1913 890 1980 occurrebatur,
904 1922 936 1969 ut
950 1912 1068 1971 incertis
1081 1913 1206 1990 tempori·

177 2001 214 2056 m
228 1992 281 2050 bus
294 1993 468 2068 diversisque
482 1992 631 2050 itineribus
644 1990 741 2050 iretur.

266 2070 367 2128 XVII.
408 2071 517 2128 Castris
538 2071 573 2127 ad
587 2079 773 2146 campartem
789 2067 887 2146 oppidi
903 2068 1011 2146 positis,
1026 2070 1136 2138 Cesar,
1149 2089 1206 2146 que

228 2148 388 2205 intermissa
409 2167 426 2205 a
447 2148 563 2206 flumine
584 2157 613 2204 et
634 2149 766 2224 apalude
781 2133 899 2215 adituln,
920 2158 952 2205 ut
972 2147 1058 2224 suprd
1079 2150 1207 2216 diximus,
1268 2213 1269 2218 ἵ

228 2224 379 2300 augustuni
403 2226 536 2292 habebat,
559 2244 692 2302 aggerem
716 2245 862 2305 apparare,
882 2227 981 2284 vineas
1092 2271 1100 2298 ,
1123 2239 1209 2286 turres

228 2303 300 2360 duas
319 2302 492 2362 constituere
511 2303 616 2380 caepit:
637 2325 705 2363 nam
724 2305 938 2368 circumvallare
958 2305 1012 2363 loc'
1041 2319 1210 2383 naturapro

177 2389 213 2444 25
228 2381 351 2438 bibebat.
393 2380 439 2440 De
461 2401 493 2440 re
517 2383 702 2442 frumentarii
722 2383 807 2442 Boios
828 2393 910 2458 atque
1003 2407 1053 2445 uos
1077 2385 1211 2444 adhortari

227 2478 285 2518 nou
306 2460 429 2518 destitit:
449 2479 568 2537 quorum
589 2462 680 2534 alteri,
694 2461 771 2539 qudd
794 2462 872 2520 nullo
892 2479 906 2518 s
970 2469 996 2525 io
1016 2466 1144 2542 agebant,
1158 2483 1212 2522 non

227 2537 351 2602 multum,
376 2541 565 2617 adjuvabant;
597 2541 679 2598 alteri
704 2560 762 2600 nou
782 2540 876 2617 magn'
931 2545 1120 2613 facultatibus,
1141 2541 1212 2619 quod

227 2619 327 2677 civitas
340 2631 402 2677 erat
413 2619 518 2696 exigua
530 2630 558 2676 et
579 2619 701 2688 infirma,
715 2620 814 2677 celerit
858 2667 865 2691 ‚
880 2625 953 2699 quod
972 2625 1141 2692 habuerunt,
1155 2641 1214 2680 con·

229 2709 416 2773 sumpserunt.
471 2697 590 2755 Summi
617 2698 783 2756 difficultate
826 2702 867 2758 rei
894 2702 1086 2760 frumentariae
1119 2703 1212 2758 attero

178 2785 214 2840 m
229 2776 366 2841 exercitu,
380 2775 518 2832 tenuitate
532 2775 676 2844 Boiorum,
691 2776 720 2832 in
743 2777 749 2787 '
772 2779 879 2849 rgential
893 2777 1212 2838 AEduorum..ircendiis

230 2851 423 2918 aedificiorum,
444 2870 533 2926 usque
553 2852 600 2920 ed,
623 2864 655 2911 ut
751 2851 845 2925 plures
868 2856 930 2914 dies
944 2859 1047 2914 arares
1068 2854 1212 2914 frumento

229 2930 382 3002 caruerint,
396 2940 434 3002 et,
445 2949 548 3006 pecore
561 2950 577 2989 e
590 2926 785 3006 tonpnnquior·
818 2933 918 2990 sulcis
932 2934 1041 2999 adacto,
1053 2943 1212 2992 extremam

229 3010 333 3067 samem
347 3020 547 3079 sustentarent,
562 3011 647 3070 nulla
663 3009 674 3052 ἲ
735 3032 754 3070 u
769 3032 821 3070 vox
833 3023 877 3069 est
890 3014 926 3070 ab
941 3012 975 3070 iis
989 3011 1096 3080 audita,
1112 3013 1212 3090 Populi
1265 3056 1266 3064 ,

228 3087 363 3146 Romani
374 3089 526 3166 majestate
610 3091 786 3166 uperioribus
807 3091 931 3148 victoriis
952 3091 1080 3168 indigua.
1129 3092 1211 3154 Quin
1235 3139 1246 3148 .

177 3173 213 3230 35
228 3167 314 3224 etiam
335 3168 442 3236 Cesar,
456 3171 542 3243 qu'um
558 3169 587 3224 in
597 3187 683 3243 opere
704 3169 830 3244 singulas
848 3169 975 3246 legiones
996 3169 1160 3246 appellaret,
1174 3181 1211 3242 et,

228 3246 252 3304 si
273 3245 404 3304 acerbiirs
425 3245 549 3320 inopiam
573 3245 688 3313 ferrent,
710 3265 740 3304 se
766 3247 948 3305 dimissurum
971 3249 1211 3324 oppugnationem

227 3325 352 3397 diceret;
374 3323 498 3383 universi
519 3323 612 3390 abeo,
628 3323 696 3381 ‘Ne
716 3325 745 3381 id
766 3326 893 3399 laceret‚’
915 3327 1069 3403 petebant:
1093 3327 1163 3385 ‘Sic
1182 3346 1211 3384 se

228 3405 388 3480 complures
401 3421 491 3462 annos
505 3401 552 3460 illo
565 3401 722 3478 imperante
736 3401 883 3472 meruisse,
904 3416 935 3462 ut
949 3404 1057 3462 nullam
1072 3406 1212 3482 ignomin·

229 3479 286 3537 iam
311 3485 482 3560 acciperent,
506 3499 652 3555 nunquam
680 3481 785 3539 infecti
812 3503 842 3541 re
869 3484 1069 3542 discederent:
1102 3485 1158 3544 hoo
1183 3502 1211 3542 se

178 3557 214 3613 40
230 3553 393 3630 ignominie
413 3562 518 3619 laturos
537 3560 610 3626 loco,
625 3560 649 3616 si
664 3559 806 3638 inceptam
825 3562 1067 3638 oppugnationem
1085 3555 1212 3639 reliquis·

229 3642 308 3689 sent:
328 3651 461 3709 prestare
480 3656 580 3697 omnes
592 3639 717 3714 perterre
738 3640 916 3708 acerbitates,
930 3639 1016 3716 qudm
1030 3659 1089 3699 non
1104 3642 1213 3700 civibus
1263 3661 1264 3670 ¹

229 3709 379 3779 Romanis,
400 3717 449 3789 qui
471 3717 584 3775 Genabi
605 3717 724 3792 pertidia
745 3718 892 3776 Gallorum
913 3718 1088 3787 interissent,
1113 3739 1214 3798 paren·

155 3791 166 3806 ’
228 3790 340 3850 tarent!
382 3791 455 3846 uec
468 3797 569 3852 eadem
580 3796 794 3854 centurionibus
807 3794 983 3871 tribunisque
998 3798 1121 3857 militum
1135 3815 1215 3856 mau-

229 3869 346 3938 dabant,
360 3875 392 3920 ut
404 3883 454 3938 pet
467 3885 517 3922 eos
530 3873 566 3925 ad
576 3871 919 3950 Caesaremfidelerrentur.
1064 3911 1066 3916 ,
