2590 4424
196 341 233 402 12
545 340 594 390 DE
610 339 726 390 sunto
743 339 903 392 (tameo

242 482 381 560 supplicio
394 481 583 551 afficerentur,
599 483 658 540 sire
671 501 721 558 spe
741 483 840 542 salutis
853 482 973 550 inducti,
995 481 1082 558 qudd,
1097 485 1127 543 in
1146 495 1231 546 tanta

242 561 423 619 multitudine
449 561 658 628 dediticiorum,
686 579 767 618 suam
793 562 890 636 sugam
924 569 972 618 aut
997 561 1147 631 occultari,
1180 577 1229 624 aut

241 640 358 698 omnino
378 641 503 716 ignorari
522 659 605 716 posse
626 638 829 706 existimarent,
850 639 943 714 prima
962 650 1048 699 nocte
1068 659 1105 698 ex
1125 644 1231 700 castris

242 715 440 778 Helvetiorum
453 718 570 795 egressi,
587 719 623 775 ad
637 717 775 776 Rhenum
789 717 916 792 finesque
930 718 1138 776 Germanorum
1159 739 1232 780 con-

136 815 141 840 ·
213 797 402 858 otenderunt.

280 875 429 936 XXVIII.
469 874 559 936 Quod
585 874 635 931 ubi
661 874 759 932 Oaesar
792 874 898 942 resciit,
925 893 1044 950 quorum
1077 894 1128 951 per
1154 876 1230 935 lines

242 956 343 1022 ierant,
357 955 412 1022 his,
426 951 468 1011 uti
482 953 682 1028 conquirerent
694 964 724 1010 et
736 953 915 1020 reducerent,
930 953 954 1010 si
968 953 1023 1010 sibi
1035 953 1149 1030 purgati
1162 973 1230 1012 esse

241 1035 354 1099 vellent,
382 1031 551 1108 imperavit:
584 1033 716 1090 reductos
741 1031 771 1091 in
802 1032 926 1089 hostium
950 1050 1070 1089 numero
1103 1033 1228 1091 babuit:

242 1112 364 1186 reliquos
377 1129 487 1178 omnes,
500 1110 657 1183 obsidibus,
672 1109 767 1176 armis,
780 1110 907 1185 perfugis
926 1109 1047 1176 traditis,
1062 1110 1092 1168 in
1106 1109 1229 1170 deditio·

196 1193 229 1245 1⁰
241 1209 308 1247 nem
322 1190 441 1265 accepit.
482 1189 638 1257 Helvetios,
658 1188 810 1263 Tulingos,
824 1188 992 1264 Latobrigos
1012 1187 1042 1244 in
1056 1189 1129 1246 fines
1149 1209 1227 1258 suos,

242 1269 317 1326 unde
330 1279 412 1326 erant
423 1267 553 1346 profecti,
561 1267 663 1324 reverti
673 1266 777 1342 jussit3
798 1277 827 1324 et
839 1265 926 1341 qudd,
939 1266 1073 1324 omnibus
1086 1268 1227 1326 fructibus

242 1348 361 1414 amissis,
386 1348 462 1404 domi
476 1345 547 1403 nihil
560 1356 631 1412 erat,
652 1364 708 1419 quo
728 1345 832 1402 famem
845 1345 1007 1413 tolerarent,
1022 1345 1228 1422 Allobrogibus

243 1425 400 1500 imperavit,
427 1434 460 1480 ut
485 1424 520 1480 iis
543 1423 677 1480 frumenti
702 1423 815 1499 copiam
842 1424 991 1500 lacerent?
1018 1422 1094 1501 ipsos
1120 1426 1228 1500 oppida

243 1502 385 1577 vicosque,
398 1521 469 1577 quos
488 1501 685 1569 incenderant,
699 1502 847 1559 restituere
865 1501 957 1577 jussit.
999 1501 1034 1558 Id
1047 1503 1083 1560 ea
1099 1503 1225 1560 maxime

196 1581 350 1638 roratione
372 1581 450 1648 lecit,
471 1577 547 1656 qudd
561 1580 652 1637 noluit
671 1599 738 1637 eum
758 1581 864 1648 looum,
878 1581 955 1638 unde
970 1579 1096 1638 Helvetii
1117 1582 1226 1639 disces-

242 1671 346 1727 serant,
360 1679 482 1728 vacare3
503 1678 540 1717 ne
559 1670 672 1735 propter
692 1659 847 1718 bonitatem
862 1678 993 1736 agrorum
1013 1660 1226 1736 Germani,qui

240 1748 318 1796 trans
340 1736 477 1796 Rhenum
498 1738 636 1806 incolunt,
651 1758 668 1796 e
685 1737 751 1796 suis.
765 1738 870 1795 finibus
883 1737 913 1794 in
935 1737 1131 1796 Helvetiorum
1152 1739 1226 1798 fines

240 1817 401 1885 transirent,
413 1828 442 1875 et
451 1817 564 1875 finitimi
575 1817 676 1874 Galliae
686 1813 839 1894 pro'vinoiae
850 1816 1108 1891 Allobrogibusque
1118 1830 1225 1876 essent.

241 1895 334 1964 Boios,
355 1896 517 1972 petentibus
537 1896 650 1963 AEduis,
664 1894 741 1970 qudd
760 1894 877 1971 egregia
892 1894 992 1952 virtute
1010 1905 1092 1952 erant
1105 1896 1224 1971 cogniti,

193 1973 272 2032 mut
294 1975 324 2032 in
347 1975 452 2032 linibus
475 1974 534 2032 suia
557 1974 739 2041 collocarent,
763 1973 924 2042 concessit3
955 1972 1058 2047 quibus
1078 1973 1120 2030 illi
1141 1993 1226 2050 agros

239 2053 389 2120 dederunt,
411 2071 536 2128 quosque
559 2063 657 2128 postea
677 2051 707 2109 in
730 2070 827 2128 parem
848 2051 920 2128 juris
942 2050 1137 2126 libertatisque
1158 2071 1226 2110 oon·

240 2130 386 2197 ditionem,
402 2141 485 2206 atque
499 2130 552 2206 ipsi
566 2141 657 2198 erant,
670 2141 848 2206 receperunt.

279 2208 396 2266 XXIX.
438 2209 473 2266 ln
486 2209 587 2266 castris
601 2209 796 2266 Helvetiorum
809 2207 913 2266 tabulae
923 2218 1041 2284 reperte
1055 2218 1121 2265 sunt
1133 2208 1225 2268 literis

240 2286 349 2344 Grecis
370 2287 509 2344 consectae
529 2297 559 2345 et
579 2289 615 2344 ad
636 2287 780 2346 Cesarem
800 2286 926 2362 perlate,
946 2287 1049 2361 quibus
1067 2286 1097 2342 in
1117 2287 1225 2346 tabulis

191 2367 226 2420 25
240 2365 408 2422 nominatim
434 2365 506 2424 ratio
528 2366 660 2424 confecta
682 2376 752 2433 erat,
776 2366 825 2441 qui
848 2385 984 2423 numerus
1006 2365 1091 2422 domo
1116 2365 1225 2424 exisset

240 2461 347 2512 eorum,
371 2443 419 2519 qui
443 2463 521 2502 arma
546 2444 620 2502 ferre
642 2455 775 2522 possent:
809 2455 838 2502 et
858 2444 926 2502 item
953 2442 1104 2519 separatim
1129 2445 1223 2520 pueri,

240 2541 332 2591 senes,
354 2523 550 2600 mulieresque.
597 2523 731 2586 Quarum
750 2523 879 2582 omnium
900 2541 994 2580 rerum
1018 2541 1129 2580 summa
1149 2534 1222 2591 erat,

238 2602 364 2678 capitum
391 2603 587 2661 Helvetiorum
608 2603 698 2661 millia
723 2602 893 2668 GCLXIII,
918 2600 1108 2673 Tulingorum
1133 2602 1224 2658 millia
1277 2599 1278 2626 l

239 2680 385 2750 XXXVI,
402 2681 619 2758 Latobrigorum
632 2682 718 2748 XIV,
733 2681 934 2738 Rauracorum
947 2671 1067 2745 XXIII,
1087 2678 1223 2738 Boiorum

191 2763 225 2817 30
239 2759 371 2816 XXXII:
397 2779 434 2815 ex
456 2761 510 2825 bia,
534 2760 582 2833 qui
606 2779 686 2818 arma
709 2760 781 2816 ferre
801 2768 926 2833 possent,
949 2757 984 2812 ad
1008 2756 1098 2814 millia
1120 2757 1222 2814 XCII.

239 2836 497 2894 Summaomnium
509 2834 1004 2894 fitemntadmilliaCCCLXVlII.
1045 2834 1162 2903 Eorum,
1174 2837 1223 2912 qui
1276 2853 1277 2870 ¹

237 2916 354 2973 domum
367 2915 521 2982 redierunt,
536 2933 625 2972 censu
639 2915 745 2982 habito,
760 2925 792 2971 ut
805 2914 903 2972 Caesar
918 2914 1113 2990 imperaverat,
1128 2933 1224 2990 reper-

238 3004 284 3050 tus
297 3006 340 3052 est
352 2991 488 3052 numerus
501 2993 621 3051 millium
635 2993 660 3051 C
674 3004 702 3051 et
716 2993 754 3051 X.
1098 2998 1099 3002 ’

196 3121 198 3128 ,
277 3071 378 3130 ΧΧΧ.
419 3073 500 3130 Bello
526 3073 721 3130 Helvetiorum
752 3072 894 3140 confecto,
919 3071 1006 3129 totius
1034 3067 1093 3127 sere
1119 3071 1223 3130 Gallie

106 3183 114 3188 -
190 3155 225 3210 ³5
239 3150 334 3227 legati,
348 3151 492 3227 principes
509 3151 666 3218 civitatum,
681 3152 717 3208 ad
731 3150 875 3210 Caesarem
896 3150 1067 3226 gratulatum
1081 3167 1225 3208 convene·

238 3241 323 3290 runt:
346 3229 529 3304 ‘Intelligere
550 3248 622 3296 sese,
644 3229 767 3297 tametsi,
788 3248 839 3305 pro
860 3229 1002 3287 veteribus
1025 3226 1222 3286 Helvetiorum

239 3308 349 3385 injuriis
369 3308 469 3385 Populi
489 3308 626 3375 Romani,
641 3309 677 3364 ab
692 3308 726 3366 iis
738 3308 839 3383 poenas
858 3307 934 3366 bello
952 3305 1110 3383 repetisset,
1124 3315 1222 3364 tamen

239 3404 302 3444 eam
312 3405 372 3446 rem
386 3407 443 3446 non
454 3385 599 3445 minister
613 3406 665 3445 usu
675 3399 758 3445 terrae
770 3386 873 3445 Gallie
882 3385 967 3462 quarn
982 3385 1083 3460 Populi
1093 3383 1222 3444 Romani

241 3465 399 3526 accidisse:
427 3477 576 3546 propterea
594 3465 671 3541 qudd
692 3485 727 3524 eo
750 3465 878 3534 consilio,
901 3463 1106 3522 florentissimis
1126 3463 1221 3530 rebus,
1274 3497 1275 3508 κ

191 3547 228 3600 lb
240 3541 337 3598 domos
350 3563 415 3602 suas
428 3546 553 3605 Helvetii
566 3545 755 3620 reliquissent,
770 3544 811 3603 uti
832 3545 883 3603 toti
896 3541 997 3600 Gallie
1011 3541 1116 3598 bellum
1137 3541 1223 3600 inler-

238 3629 311 3686 ressb
335 3619 507 3702 imperioque
529 3624 696 3700 potirentur,
718 3625 868 3698 locumque
891 3619 1036 3678 domicilio
1057 3637 1093 3676 ex
1116 3619 1223 3696 magud

239 3698 322 3774 copiti
342 3699 508 3776 deligerent,
529 3723 614 3780 quem
634 3723 671 3762 ex
690 3705 769 3762 omni
782 3700 877 3760 Gallia
896 3697 1165 3773 opportunissimum
1187 3717 1223 3756 ao

238 3777 494 3836 fructuosissimum
501 3783 687 3852 judicassent,
696 3783 874 3856 reliquasque
884 3777 1013 3834 civitates
1023 3777 1223 3854 stipendiarias

141 3919 149 3928 Ν
239 3855 396 3916 haberent!
436 3854 592 3925 Petierunt,
616 3858 685 3916 ‘Uti
708 3858 763 3914 sibi
786 3853 940 3913 concilium
961 3855 1047 3913 totius
1068 3854 1171 3913 Gallie
1191 3856 1223 3914 in
