2564 4422
436 315 744 374 emensumque·
1082 323 1123 382 m

85 459 194 518 Gallie
218 457 391 524 civitatibus,
417 457 474 512 huc
497 456 549 512 iter
572 456 712 514 facturum
734 475 785 532 per
808 456 880 514 fines
903 457 1071 527 Remorum,

86 555 243 610 eorumque
269 554 353 610 agros
382 533 590 610 populaturum,
618 552 653 591 ac
684 533 774 608 prids,
800 534 886 609 quim
912 535 942 594 id
975 537 1071 604 saciat,

86 614 212 673 Labieni
224 623 319 672 castro
329 620 576 689 oppugnaturum:
596 629 659 686 que
673 611 735 669 fieri
748 611 825 680 velit,
838 614 973 690 precipit

8 755 9 760 χ
129 691 222 750 LVII.
264 690 421 756 Labienus,
440 707 526 763 quum
539 698 569 746 et
587 689 643 748 loci
657 689 760 752 noturi
771 701 801 747 et
820 693 1073 751 manurmunitissi·
1164 691 1173 702 '

86 769 144 828 mis
166 769 268 828 cestris
290 787 353 826 sese
377 777 507 834 teneret,
521 767 557 824 de
580 785 632 824 suo
655 785 690 824 ac
712 767 834 844 legionis
854 767 982 845 pericuio
1001 771 1072 829 nibil
1100 784 1118 835 5

59 845 63 850 ’
85 849 228 917 timebat3
256 866 293 904 ne
306 865 392 922 quom
411 843 594 902 occasionem
609 845 650 902 rei
671 845 745 904 bene
755 848 888 922 gerenda
908 847 1072 916 dimitteret,

86 927 245 1002 cogitabat.
285 924 385 999 Itaque
406 943 424 980 ιι
437 922 622 998 Cingetorige
644 933 727 998 atque
747 924 810 999 ejus
828 925 993 1002 propinquis
1012 944 1073 984 cra-

84 1005 169 1062 tione
179 1001 368 1060 Indutiomari
377 1000 502 1076 cogniti,
516 1009 601 1075 quam
614 1001 644 1058 in
658 1002 781 1060 concilio
791 1003 938 1072 habuerat,
952 1003 1073 1062 nuncios

85 1082 181 1140 mittit
203 1081 239 1138 ad
261 1079 398 1138 finitimos
419 1078 557 1145 civitates,
584 1079 754 1154 equitesque·
768 1081 893 1155 undique
916 1092 1072 1140 convocat:

86 1160 129 1217 iis
150 1169 262 1216 certum
281 1158 358 1216 diem
378 1155 565 1214 conveniendi
585 1157 663 1214 dicit.
705 1157 824 1216 Interim
843 1179 930 1234 prope
946 1160 1071 1235 quotidie
1084 1171 1118 1224 lo

87 1237 254 1295 cumomni
274 1237 399 1311 equitatu
415 1234 627 1306 indutiomarus
647 1236 700 1292 sub
713 1236 814 1294 castris
833 1237 895 1312 ejus
907 1239 1071 1313 vagabatur,
1170 1251 1174 1256 ·

88 1315 163 1374 aliis
183 1325 216 1372 ut
237 1315 321 1372 situm
343 1324 497 1372 castrorum
518 1322 712 1388 cognosceret,
735 1312 805 1372 eliis
825 1315 1003 1390 colloquendi
1024 1326 1074 1374 aut

39 1464 43 1471 Ι
88 1393 239 1452 territandi
259 1392 366 1452 causi:
387 1391 497 1466 equites
515 1388 680 1466 plerquue
692 1410 793 1450 omnes
805 1393 862 1450 tels
881 1394 956 1451 intra
969 1393 1073 1452 solium

89 1472 293 1548 conjiciebant
344 1469 490 1527 Labienus
512 1469 679 1526 suosinna
700 1470 874 1546 munitiones
896 1472 1071 1542 continebat,

72 1549 257 1624 ,timorisque
276 1549 448 1624 opinionem,
466 1547 682 1622 quibuscunque
701 1559 810 1622 poterat
824 1551 918 1618 rebus,
940 1551 1070 1628 augebat.
1083 1561 1117 1614 15

133 1627 247 1686 LVIII.
286 1627 386 1687 Quum
398 1626 504 1702 majore
518 1626 549 1682 in
562 1625 624 1682 dies
637 1627 847 1714 contemptione
860 1627 1072 1686 Indutiomarus

88 1707 130 1764 ad
144 1714 240 1762 castra
254 1706 409 1772 accederet,
423 1715 508 1762 nocte
522 1704 589 1771 uni,
611 1703 778 1760 intromissis
790 1704 1072 1778 equitibusomnium

87 1784 278 1842 finitimarum
308 1782 462 1849 civitatum,
489 1801 559 1857 quos
586 1780 770 1839 arcessendos
802 1792 959 1849 curaverat,
994 1782 1073 1840 tanti

88 1861 241 1938 diligentis
253 1880 353 1919 omnes
366 1881 431 1918 suos
445 1859 582 1918 custodiis
595 1859 670 1917 intro
682 1869 775 1918 costra
788 1860 940 1928 continuit,
952 1869 985 1917 ut
994 1859 1074 1917 nulli

88 1939 201 1998 ratione
223 1959 259 1996 ea
281 1959 327 1998 res
352 1938 511 2006 enunciari,
539 1947 588 2014 aut
614 1938 650 1994 ad
676 1936 811 1996 Treviros
830 1937 948 2014 perferri
969 1947 1119 2014 possetm

89 2018 211 2076 Interim
233 2037 270 2076 en
287 2017 494 2076 conmetudine
514 2015 678 2091 quotidiani
692 2015 903 2076 Indutiomarus
925 2017 961 2074 ed
981 2027 1075 2076 castre

90 2096 213 2164 accedit,
235 2106 319 2170 etque
343 2096 383 2153 ibi
406 2113 540 2170 magnam
564 2105 673 2170 partem
694 2093 751 2152 diei
772 2095 934 2165 consumit3
965 2095 1074 2171 equites

89 2175 147 2232 telo
168 2173 336 2250 conjiciunt,
350 2185 380 2231 et
399 2175 505 2248 magni
526 2192 592 2230 cum
605 2173 778 2232 contumeliis
798 2175 946 2233 verborum
964 2184 1074 2232 nostros

90 2253 127 2310 ad
153 2271 280 2328 pugnam
303 2261 432 2310 evocant.
474 2251 562 2310 Nullo
586 2253 621 2310 ab
644 2252 747 2310 nostris
767 2252 834 2312 dato
856 2273 1000 2330 responso,
1023 2253 1073 2312 ubi

89 2331 184 2388 visum
216 2339 268 2398 est,
295 2331 349 2387 sub
376 2349 523 2405 vesperum
549 2330 668 2406 dispersi
695 2349 730 2388 ac
754 2330 882 2406 disstcti
913 2331 1118 2394 discedunt&

91 2407 196 2468 Subitd
222 2407 368 2466 Labienus
393 2408 505 2464 duabus
523 2408 611 2483 portis
632 2427 746 2467 omnem
772 2409 928 2482 equitatum
952 2410 1072 2478 emittit3

89 2487 222 2562 precipit
241 2497 325 2562 atque
340 2486 494 2556 interdicit,
515 2486 670 2561 proterritis
689 2485 816 2544 hostibus
829 2496 912 2560 atque
933 2485 963 2542 in
978 2486 1074 2562 fugam
1155 2479 1162 2490 ”

89 2564 241 2640 conjectis,
262 2564 351 2642 (quod
374 2565 442 2631 sore,
466 2564 540 2622 sicut
562 2563 677 2630 occidit,
700 2563 839 2639 videbat)
863 2581 952 2619 unum
974 2582 1074 2620 omnes

89 2653 192 2719 petant
212 2642 456 2711 Indutiomarum;
480 2661 538 2699 neu
558 2642 621 2717 quis
633 2659 717 2716 quem
737 2637 817 2717 priris
836 2639 974 2706 vulneret,
987 2637 1073 2714 quim

91 2721 171 2779 iilum
205 2720 387 2778 intersectum
413 2721 524 2788 viderit,
550 2719 627 2795 qudd
653 2719 733 2778 morri
758 2717 928 2793 reliquorum
951 2717 1119 2793 spatiumst}

91 2799 218 2876 effugere
244 2810 362 2856 nactum
395 2799 475 2856 illum
508 2799 638 2858 nolebat:
668 2815 784 2874 magna*
806 2796 936 2874 proponit
958 2797 1001 2865 iis,
1026 2797 1074 2872 qui

91 2877 263 2944 occiderint,
289 2877 424 2952 praemia:
458 2877 598 2937 submittit
620 2877 751 2935 cohortes
776 2875 917 2950 equitibus
940 2875 1073 2940 subsidio.

92 2956 268 3031 Comprobat
279 2955 403 3012 hominis
415 2955 566 3012 consilium
580 2955 708 3024 fortune,
729 2965 767 3022 et,
778 2973 866 3029 quum
876 2973 966 3010 unum
975 2972 1075 3010 omnes

91 3044 232 3110 peterent,
260 3033 291 3090 in
315 3033 374 3108 ipso
400 3032 525 3090 fluminis
550 3031 622 3089 vado
646 3031 838 3106 deprehensus
864 3030 1075 3092 Indutiomarus

92 3111 272 3178 interficitur,
287 3121 427 3186 caputque
440 3110 503 3186 ejus
522 3110 641 3166 refertur
660 3109 689 3166 in
703 3119 812 3168 costra:
833 3109 985 3168 redeuntes
997 3110 1119 3186 equi-35
1228 3185 1231 3193 1

92 3202 144 3258 tes,
170 3209 243 3266 quos
265 3198 393 3264 possunt,
420 3198 621 3269 consectantur
648 3199 731 3264 atque
756 3188 902 3246 occidunt.
956 3187 1022 3245 Hic
1044 3206 1075 3243 re

92 3268 219 3345 cogniti,
234 3285 335 3324 omnes
355 3267 523 3324 Eburonum
544 3275 573 3323 et
592 3264 773 3334 Nerviorum,
789 3284 852 3340 que
873 3271 1074 3328 convenerant,
1180 3317 1184 3322 ,.

92 3347 183 3422 cupite
206 3345 380 3414 discedunt;
413 3343 554 3420 pculdque
578 3343 678 3402 habuit
702 3355 765 3420 post
791 3343 820 3400 id
846 3341 952 3398 factum
978 3338 1076 3398 Cesar

91 3422 261 3498 quietiorem
274 3422 405 3480 Galliam.
