2564 4422
162 389 220 454 142
279 419 283 436 .
530 383 579 436 nn
595 383 711 434 nunno
727 380 887 463 cadmeo

211 529 316 605 timque
330 528 428 606 copias
448 527 613 588 distributas
625 525 768 584 dimittere
784 541 841 582 non
857 522 1003 590 auderent,
1024 541 1064 580 ne
1078 523 1198 600 dispersi

209 609 452 685 perturbarentur,
472 606 502 664 in
524 606 586 664 acie
609 613 835 681 permanserunt.
883 599 1016 662 Quorum
1037 602 1198 676 pertinaoid

209 687 335 762 cogniti,
360 685 467 752 Cesar,
492 683 592 760 viginti
615 682 779 740 cohortibus
802 679 959 747 instructis,
982 680 1142 756 castrisque
1166 699 1198 740 eo

209 765 273 824 loco
293 764 416 832 metatis,
430 763 536 822 muniri
546 763 628 838 jubet
645 772 747 819 castra.
789 758 937 816 Absolutis
956 758 1102 833 operibus,
1116 759 1198 836 legio·

176 853 263 906 bnes
283 863 334 920 pro
346 843 431 901 ,vello
450 842 604 900 instructas
627 840 767 898 collocat:
788 837 899 913 equites
920 837 1047 894 frenatis
1068 837 1150 912 equis
1169 838 1197 896 in

211 921 380 1000 nationibus
393 919 524 996 disponit.
566 917 723 986 Bellovaci,
733 935 820 993 quum
834 915 983 973 Romanos
998 916 1034 972 ad
1049 915 1197 992 insequen-

210 1001 278 1060 dum
292 1011 406 1077 paratos
414 998 553 1066 viderent,
564 1016 657 1073 neque
670 1006 837 1073 pernoctare
848 1005 897 1053 aut
910 993 1018 1050 diutius
1031 1014 1195 1070 permanere

211 1080 273 1137 sine
285 1078 401 1136 cibariis
418 1077 520 1136 eodem
533 1076 597 1135 loco
610 1087 734 1152 possent,
748 1074 804 1133 tale
818 1073 970 1131 consilium
983 1073 1028 1129 sui
1042 1073 1195 1150 reeipiendi

211 1157 345 1216 inierunt.
386 1155 504 1225 Fasces,
523 1153 565 1214 uti
586 1156 785 1221 consederant,
801 1152 938 1230 (namque
963 1151 993 1208 in
1015 1152 1080 1210 acie
1103 1153 1194 1210 sedere

162 1245 197 1298 10
208 1235 308 1306 Gallos
321 1235 486 1305 consuesse,
500 1233 692 1311 superioribus
705 1231 927 1290 Commentariis
939 1230 1119 1289 declaratum
1132 1233 1193 1312 est)

210 1325 429 1374 stramentorum
448 1334 483 1372 ac
496 1313 690 1389 virgultorum,
707 1330 826 1387 quorum
847 1329 960 1368 summa
973 1325 1035 1368 erat
1056 1310 1194 1368 incastris

211 1395 303 1470 mpia,
317 1413 368 1468 per
388 1411 490 1452 manus
503 1392 577 1449 inter
597 1409 628 1448 se
641 1390 769 1462 traditos,
784 1400 850 1448 ante
872 1388 964 1446 aciem
978 1387 1194 1456 collocaverunt,

210 1479 392 1544 extremoque
418 1480 545 1546 tempore
568 1468 636 1536 diei,
663 1469 746 1546 signo
771 1467 970 1544 pronunciato,
995 1485 1051 1524 uno
1070 1477 1195 1542 tempore
1245 1477 1247 1480 '

211 1547 409 1606 incenderunt.
451 1548 498 1608 lta
510 1547 662 1607 continens
682 1547 798 1605 flamma
818 1545 916 1623 copias
928 1564 1028 1603 omnes
1047 1545 1195 1622 repentia

162 1633 196 1688 15
211 1636 366 1702 conspectu
392 1627 463 1686 texit
486 1626 693 1685 Romanorum.
746 1625 835 1687 Quod
869 1624 919 1682 ubi
946 1624 1062 1693 eccidit,
1087 1624 1194 1682 barbari

211 1705 461 1766 vehementissimo
476 1725 566 1764 cursu
576 1705 718 1782 sugerunt

251 1784 335 1844 XVI.
377 1785 484 1852 Cesar,
498 1785 552 1841 etsi
575 1785 734 1840 discessum
757 1783 881 1840 hostium
898 1782 1125 1841 animadvertere
1142 1801 1193 1841 non

211 1874 331 1940 poteret,
346 1861 488 1920 incendiis
508 1860 644 1938 oppositis
654 1881 662 1931 ;
684 1872 780 1918 tamen
800 1860 829 1916 id
843 1861 995 1918 consilium
1015 1880 1105 1935 quum
1127 1861 1193 1937 fuge

212 1942 301 2000 causi
321 1941 424 1999 initum
445 1940 648 2018 suspicaretur,
664 1938 791 2016 legiones
811 1950 965 2014 promovet,
986 1948 1096 1996 turmas
1116 1939 1195 1998 mittit

161 2025 198 2080 Μ
213 2021 249 2078 ad
264 2018 488 2096 insequendum:
509 2019 569 2094 ipse
583 2018 688 2078 veritus
699 2016 827 2085 insidias,
841 2035 879 2074 ne
892 2016 964 2075 lond
979 2017 1009 2074 in
1023 2019 1125 2076 eodem
1137 2018 1195 2077 loco

212 2099 366 2162 subsistere
390 2097 488 2164 bostis,
513 2108 596 2172 atque
619 2095 723 2154 elicere
747 2106 857 2154 nostros
879 2095 910 2152 in
930 2094 1027 2154 locum
1049 2108 1194 2154 conaretur

212 2176 351 2250 iniquum,
366 2175 476 2233 tardius
494 2173 630 2249 procedit
671 2173 800 2248 Equites,
814 2193 901 2250 quum
922 2173 1029 2232 intrare
1043 2175 1153 2234 fumum
1170 2186 1196 2232 et

212 2253 356 2310 flammam
377 2251 576 2310 densissimam
596 2252 748 2322 timerent3
775 2272 820 2321 ac,
844 2253 938 2328 siqui
959 2251 1095 2331 cupidius
1115 2255 1195 2312 intra-

212 2340 321 2397 verant,
335 2329 382 2387 vix
402 2348 517 2388 suorum
531 2329 585 2407 ipsi
605 2330 712 2407 priores
730 2342 826 2407 partes
847 2333 1026 2390 adverterent
1046 2353 1193 2409 equorunn

76 2409 89 2422 '
161 2414 197 2468 25
213 2407 332 2467 insidias
354 2408 445 2478 veriti,
467 2409 587 2468 liberam
611 2409 776 2468 facultatem
797 2411 842 2468 sui
862 2410 1020 2486 recipiendi
1042 2411 1195 2470 Bellovacis

212 2487 361 2548 dederunt.
403 2488 449 2548 Ita
462 2489 540 2566 fugi,
562 2489 671 2548 timoris
691 2489 774 2548 simul
789 2489 1007 2565 calliditatisque
1020 2489 1118 2566 pleni,
1139 2490 1194 2549 sine

212 2567 271 2626 ullo
283 2568 458 2638 detrimento
475 2568 566 2628 millia
578 2589 636 2628 non
658 2567 778 2646 amplius
796 2568 827 2627 X
849 2567 989 2645 progressi
1011 2570 1118 2638 hostes,
1137 2569 1197 2628 locu

8 2637 9 2698 l
112 2719 144 2738 ,ἡ
212 2647 403 2706 munitissimo
416 2659 510 2706 castra
530 2660 693 2725 posuerunt.
735 2646 819 2715 Inde,
834 2665 921 2724 quum
939 2646 1015 2723 saepe
1036 2648 1067 2705 in
1090 2647 1196 2706 insidiis

213 2727 322 2803 equites
342 2727 507 2802 peditesque
528 2727 721 2802 disponerent,
743 2745 849 2802 magna
869 2725 1039 2784 detrimenta
1057 2725 1197 2784 Romanis

162 2808 198 2862 ³0
214 2804 244 2862 iu
256 2803 487 2879 pabulationibus
501 2805 670 2863 inferebant.

252 2881 353 2940 XVII.
393 2881 482 2944 Quod
496 2901 582 2957 quum
597 2880 726 2941 crebriirs
740 2882 894 2952 accideret,
906 2903 942 2942 ex
955 2881 1064 2959 captivo
1074 2884 1197 2958 quodam
1223 2939 1226 2946 ,

212 2980 313 3099 titt
314 2960 384 3098 ¹l1⁰
386 2959 625 3098 &britti
634 2961 964 3098 iillllimelil
967 2961 1199 3099 ’dlffiltt‘tl

213 3117 301 3184 mille,
311 3137 382 3191 quos
394 3059 552 3176 irimaidiis
563 3138 598 3178 eo
610 3059 675 3176 linco
691 3058 851 3176 ’stolllocdusall
859 3137 943 3193 quem
956 3119 987 3175 in
999 3117 1107 3188 locrun,
1122 3139 1200 3196 prop

161 3199 197 3255 {lb
213 3206 255 3253 ter
266 3195 378 3271 copiam
387 3195 520 3254 frumenti
532 3215 566 3253 ac
573 3196 681 3272 pabuli,
693 3195 841 3274 Romanos
854 3197 990 3254 missuros
1000 3197 1198 3274 suspicaretur.

212 3275 282 3338 Quo
303 3273 418 3352 cognito
438 3273 567 3342 oonsilio,
588 3273 686 3331 Cesar
709 3273 837 3350 legiones
856 3275 960 3352 plures,
974 3274 1061 3350 quim
1083 3277 1200 3350 solebat,

211 3355 330 3426 educit3
358 3353 580 3430 equitatumque,
598 3370 683 3427 quem
703 3353 836 3428 presidia
856 3372 966 3430 semper
987 3355 1200 3430 pabulatoribus

125 3487 127 3492 .
212 3432 324 3492 mittere
344 3431 508 3498 consuerat,
530 3430 683 3507 premittit
725 3429 804 3489 Huic
825 3432 979 3508 interponit
1006 3433 1114 3492 auxilia
1134 3434 1200 3492 levis

162 3589 199 3644 4⁰
214 3521 381 3593 annuaturae:
400 3511 463 3587 ipse
476 3529 543 3568 cum
563 3509 733 3586 legionibus,
747 3507 833 3586 quim
845 3521 938 3585 potest
950 3510 1087 3580 maxime,
1104 3531 1201 3590 appro-

233 3601 262 3638 m
283 3598 338 3644 uat.

154 3711 158 3722 ,
213 3600 232 3657 p
253 3602 370 3721 livua
412 3667 518 3727 Hostes
532 3666 561 3725 in
575 3664 686 3724 insidiis
700 3665 837 3741 dispositi,
851 3685 938 3741 quum
959 3665 1014 3724 sibi
1028 3669 1202 3746 delegissent

213 3755 346 3814 campum
370 3743 406 3798 ad
418 3764 479 3803 rem
500 3745 665 3822 gerendam,
679 3764 736 3803 non
751 3743 872 3820 amplius
891 3755 1036 3818 patentem
1057 3747 1088 3804 in
1102 3768 1201 3807 omnes

214 3828 308 3896 partes
320 3818 451 3901 passibus
466 3821 509 3887 M,
524 3823 610 3894 sylvis
623 3823 748 3896 undique
764 3821 987 3894 impeditissimis
1002 3835 1051 3882 aut
1064 3826 1203 3885 altissimo

211 3893 333 3958 danim
342 3902 494 3962 munitum,
505 3897 581 3956 velut
589 3899 725 3976 indagine
733 3899 811 3956 huuc
819 3895 930 3956 insidiis
938 3899 1202 3966 circumdederunt
