2564 4422
153 310 194 372 ω
517 297 567 347 nn
582 293 699 346 asaro
716 291 875 342 eunuco

203 445 298 512 rebus,
317 440 481 501 Commium
502 439 670 496 Atrebatem
690 453 759 494 cum
777 434 914 510 equitatu,
928 431 1054 492 ctmtodis
1066 425 1141 500 loeo,
1159 431 1188 490 in

204 522 274 580 Men
312 521 348 578 iis
359 518 509 594 relinquit;
529 517 590 594 ipse
604 516 634 573 in
648 514 784 572 Treviros
796 511 992 590 proficiscitur.

241 600 312 657 vl.
353 597 432 656 Dum
464 598 527 662 haec
561 613 578 653 a
603 593 718 651 Caesare
744 601 893 668 geruntur,
925 588 1050 656 Treviri,
1076 588 1189 666 magnis

203 675 481 753 coactis'peditatris
507 672 704 749 equitatdsquc
728 670 836 746 copiis,¹
853 669 1013 726 Labienum
1037 685 1105 724 cum
1131 667 1189 725 uni
1262 679 1263 718 3

176 757 327 832 slegione,
347 773 410 831 qua
432 754 462 812 in
482 771 580 812 eorum
600 750 706 808 finibus
725 749 889 824 hyemabat,
911 746 1014 805 adoriri
1031 745 1188 820 parabant:
1262 801 1263 816 ,

201 836 317 914 jamque
341 834 378 891 ab
403 851 438 890 eo
461 849 519 888 non
539 827 653 906 longiris
679 827 759 886 bidui
785 826 831 884 vii
858 826 1096 899 aberant-quum
1119 824 1190 882 duas
1262 839 1263 908 l

204 914 316 973 reabse
330 912 457 988 legiones
475 907 564 966 missu
577 907 701 965 Caesaris
714 915 901 983 cognoscunt.
941 903 1046 961 Positis
1059 904 1161 961 castris
1174 922 1189 970 a

205 992 330 1050 millibus
339 1006 474 1066 passuum
488 985 557 1054 XV,
573 985 679 1044 auxilia
689 986 897 1043 Germanorum
910 991 1076 1058 exspectare
1087 983 1188 1040 consti-

205 1079 298 1127 tuunt
339 1067 494 1134 Labienus,
504 1065 628 1124 hostium
638 1064 754 1140 cognito
763 1061 895 1129 consilio,
904 1079 1022 1137 sperans
1031 1059 1188 1118 temeritate

161 1159 303 1212 locorum
316 1146 376 1203 fore
390 1145 513 1222 aliquam
527 1143 684 1202 dimicandi
699 1141 873 1207 facultatem,
886 1135 1019 1216 presidio
1031 1138 1188 1197 cohortium

205 1226 234 1283 V
260 1224 472 1301 impedimentis
498 1223 606 1289 relicto,
633 1239 700 1277 cum
726 1218 815 1276 XXV
841 1217 1006 1277 cohortibus
1031 1235 1188 1293 magnoque

205 1304 333 1379 equitatu
346 1312 446 1362 contra
464 1304 573 1358 hostem
593 1297 792 1374 proficiscitur,
807 1305 846 1364 et,
867 1296 945 1354 mille
957 1313 1094 1372 passuum
1106 1296 1190 1354 inter·

205 1381 292 1439 misso
312 1381 413 1456 spatio,
428 1388 522 1436 castra
539 1375 705 1435 communit.
746 1374 817 1432 Erat
838 1373 911 1433 inter
928 1375 1089 1433 Labienum
1107 1385 1188 1450 atque

204 1458 314 1514 hostem
327 1455 437 1513 difficili
450 1455 571 1512 mansitu
581 1453 698 1521 flumen,
709 1452 833 1529 ripisque
846 1453 1012 1529 praeruptis:
1033 1454 1088 1511 hoc
1098 1471 1189 1528 neque

161 1533 264 1613 15ipse
292 1534 412 1592 transire
438 1533 563 1591 habebat
591 1533 621 1590 in
649 1532 754 1604 animo,
781 1549 874 1606 neque
901 1532 998 1590 hostes
1024 1532 1189 1590 transituros

203 1611 393 1672 existimabat.
434 1613 604 1688 Augebatur
619 1611 787 1669 auxiliorum
800 1609 927 1686 quotidie
940 1629 1013 1686 spes.
1054 1609 1190 1684 quuitur

205 1691 236 1749 in
249 1691 369 1750 consilio
387 1690 494 1768 paldm,
509 1691 677 1753 ‘Quoniam
697 1688 836 1747 Germani
856 1688 1081 1765 appropinquare
1095 1689 1191 1746 dican·

205 1780 260 1839 tur,
281 1790 343 1830 sesa
364 1789 431 1829 suas
450 1769 647 1846 exercitusque
668 1768 796 1826 fortunas
815 1767 981 1824 indubium
1000 1785 1059 1825 non
1072 1767 1190 1826 devoca-

204 1860 310 1917 turum,
324 1860 354 1907 et
365 1860 478 1926 postero
491 1848 538 1907 die
557 1848 650 1925 primi
663 1847 727 1904 luce
741 1857 835 1904 castra
851 1846 1011 1903 moturum!
1053 1844 1190 1906 Celeriter

159 1929 269 1994 mirac
291 1929 326 1986 ad
347 1929 442 1986 hostes
463 1927 637 1994 deseruntur,
659 1935 692 1983 ut
704 1945 741 1982 ex
760 1943 865 2002 magno
882 1923 1028 1981 Gallorum
1049 1924 1190 1999 equitatis

205 2026 326 2066 numero
357 2005 510 2065 nonnullos
542 2004 662 2063 Gallicis
693 2003 779 2060 rebus
806 2004 900 2060 lavere
926 2012 1028 2060 natura
1060 2004 1189 2079 cogebat.

205 2085 352 2142 Labienus
364 2095 462 2150 noctu,
474 2083 595 2140 tribunis
608 2081 730 2138 militum
743 2080 897 2157 primisque
910 2080 1059 2139 ordinibus
1072 2082 1190 2149 coactis,

204 2162 272 2236 quid
286 2161 331 2217 sui
350 2161 387 2217 sit
400 2160 521 2227 consilii,
535 2159 677 2235 proponit,
691 2169 720 2217 et
736 2156 794 2234 qub
808 2158 921 2218 facilius
941 2158 1070 2217 hostibus
1083 2160 1191 2220 timoris
1261 2191 1262 2220 t

204 2239 253 2295 det
272 2237 474 2312 suqticionem,
498 2237 604 2314 majore
629 2237 748 2312 strepitu
771 2248 801 2296 et
826 2238 959 2306 tumultu,
980 2236 1066 2314 quim
1090 2237 1191 2315 Populi
1261 2293 1262 2296 ,

160 2315 332 2380 &Romani
359 2314 413 2372 lert
438 2315 624 2382 consuetudo,
648 2325 742 2374 castra
767 2315 873 2374 moveri
896 2315 986 2391 jubet
1028 2315 1084 2374 His
1107 2318 1191 2374 rebus

205 2395 280 2471 fugas
294 2393 415 2452 similem
435 2394 640 2470 prosectionem
653 2394 749 2452 efficit.
791 2395 865 2452 IIaec
878 2413 988 2470 quoque
1000 2413 1051 2471 per
1065 2394 1192 2471 explora·

204 2483 280 2610 tprps
301 2483 366 2531 ante
380 2473 484 2542 lucem,
499 2473 529 2532 in
543 2475 623 2532 tanti
635 2473 843 2550 propinquitate
864 2482 1031 2542 castrorum,
1047 2473 1083 2531 ad
1097 2475 1192 2532 hostes

226 2563 382 2611 seruntur.

179 2621 220 2662 χ
244 2631 331 2689 VIII.
373 2631 432 2690 Vix
445 2651 549 2708 agmen
562 2631 746 2691 novissimum
762 2641 842 2688 extra
861 2630 1034 2689 munitiones
1045 2649 1193 2705 processe·

160 2719 196 2774 ³0
206 2720 259 2782 rat,
273 2729 360 2784 quum
373 2710 460 2776 Galli,
475 2711 614 2768 cohortati
627 2712 700 2768 inter
720 2728 761 2776 se,
777 2708 841 2766 ‘Ne
862 2719 1003 2784 speratam
1016 2707 1140 2784 predam
1155 2727 1193 2766 ex

205 2788 338 2845 manibus
371 2787 568 2855 dimitterent3
600 2788 717 2861 longum
747 2805 821 2854 esse,
849 2787 1005 2864 perterritis
1035 2784 1190 2854 Romanis,

205 2865 413 2922 Germanorum
434 2863 571 2922 auxilium
584 2873 878 2940 exspectarerneque
894 2885 976 2924 suam
995 2864 1054 2941 pati
1067 2865 1192 2942 dignita-

153 2963 155 2970 ·
205 2954 273 3010 tem,
282 2953 314 3000 ut
324 2943 411 3001 tantis
421 2942 511 3020 copiis
521 2952 579 3000 tam
588 2941 722 3018 exiguam
732 2945 1024 3020 manum,prsesertim
1035 2943 1191 3020 firgientem

206 3032 289 3095 atque
311 3017 489 3097 impeditam,
502 3021 605 3079 adoriri
626 3040 684 3078 non
708 3021 860 3092 audeant);’
882 3017 989 3081 flumen
1013 3023 1144 3089 mansue,
1162 3033 1192 3080 et

160 3098 303 3173 35iniquo
322 3099 386 3156 loco
407 3099 537 3174 prelium
560 3099 737 3158 committere
760 3119 818 3158 non
841 3100 982 3159 dubitant.
1030 3101 1107 3163 Quae
1131 3101 1191 3158 fore

205 3176 365 3254 suspicatus
386 3177 541 3244 Labienus,
563 3188 594 3234 ut
613 3197 713 3239 omnes
734 3178 807 3240 citra
821 3178 926 3236 flumen
948 3179 1075 3248 eliceret,
1089 3181 1192 3238 eadem

205 3275 274 3314 usus
306 3255 487 3316 simulatione
513 3255 630 3323 itineris,
664 3255 778 3332 placide
804 3257 1045 3334 progrediebatur.
1100 3257 1191 3325 Tum,

204 3335 357 3409 premissis
381 3332 499 3412 paulilm
523 3333 742 3410 impedimentis,
768 3345 851 3410 atque
878 3336 908 3393 in
934 3335 1043 3393 tumulo
1065 3337 1191 3408 quodam
1219 3365 1227 3374 ·

100 3424 106 3428 ·
206 3412 371 3472 collocatis:
393 3412 552 3480 ‘Habetis’
567 3412 667 3488 inquit,
683 3412 814 3482 ‘milites
829 3434 914 3490 quam
933 3411 1051 3488 petistis,
1071 3411 1192 3484 faculta-

161 3495 281 3548 sotem:
309 3494 418 3550 hostem
441 3491 577 3569 impedito
600 3503 682 3566 atque
706 3491 804 3566 iniquo
826 3493 889 3551 loco
911 3489 1029 3548 tenetis:
1056 3503 1189 3565 praestate

206 3565 327 3626 eandem
341 3572 423 3630 nobis
437 3572 558 3628 ducibus
571 3569 712 3638 virtutem,
723 3590 808 3647 quam
822 3585 1015 3648 sepenumero
1025 3567 1188 3644 imperatori

206 3643 389 3719 praestitistis:
411 3651 510 3708 adesse
530 3649 729 3716 comethes
748 3647 846 3707 cordm
866 3663 993 3714 cernere,
1007 3646 1187 3708 existimate!

207 3719 299 3780 Simul
320 3723 403 3798 signa
423 3728 459 3782 ad
483 3729 592 3786 hostem
613 3728 739 3786 converti
763 3727 910 3800 aciemque
932 3723 1018 3802 dirigi
1038 3725 1139 3804 jubet:
1158 3735 1188 3784 et

148 3809 150 3816 '
206 3799 306 3878 paucis
331 3800 432 3858 turmis
458 3805 590 3876 prasidio
617 3808 653 3865 ad
679 3805 883 3880 impedimenta
905 3802 1040 3874 dimissis,
1066 3806 1187 3882 reliquos
1260 3837 1261 3840 ¹
