2564 4422
153 313 195 375 70
493 309 563 360 ΦΕ
580 308 697 364 DEI-alto
713 307 872 366 (taum

201 451 292 514 mium
304 452 341 512 tle
353 450 500 518 utine
510 453 547 512 ad
560 452 706 513 uestem
718 450 813 513 uidit
854 449 963 522 Cesar,
975 467 1064 526 crtum
1075 451 1189 530 sulcu·

202 541 245 590 sat
267 531 399 605 hyemem
421 530 451 590 in
474 530 633 592 continenti
653 541 766 607 propter
787 529 950 606 repentinos
969 529 1072 589 Galliae
1097 541 1189 592 motru

203 628 297 686 agere,
312 629 404 685 neque
415 610 536 670 muham
549 609 654 670 estatis
665 619 834 686 superesset.
846 620 930 684 atque
940 609 970 668 id
983 605 1069 668 tecle
1078 607 1188 670 extrahi

201 707 284 764 pome
301 687 482 766 intelligeret,
502 689 617 750 obsides
630 689 769 766 inspersu
789 687 900 764 etquid
914 688 944 746 in
959 707 1050 748 ennos
1062 687 1188 764 singulas

171 766 349 844 dractigalis
374 768 482 846 Populo
514 767 649 828 Romano
675 765 826 832 Britannia
850 767 998 842 penderet,
1025 766 1187 827 constituit:

132 855 139 868 ¹
202 844 349 906 Interdicit
361 858 445 922 attare
464 845 585 924 imperat
598 845 824 915 oesivmauno,
838 864 877 906 ne
896 845 1113 928 Mandubratio,
1132 863 1188 908 eeu

191 923 430 999 ,Trinobantibus
443 925 550 984 bellum
564 926 659 986 saciat.

143 1015 147 1022 “
188 1027 190 1032 ·
241 1003 361 1062 XXIII.
402 1003 561 1062 Obsidibus
579 1005 716 1080 acceptis,
737 1003 895 1062 exercitum
914 1001 1028 1062 reducit
1049 1001 1085 1060 sd
1101 1021 1188 1076 mue,

202 1081 546 1143 naresiarenitrelectas.
587 1079 879 1157 Hisdednctisqubd
888 1091 917 1140 et
927 1079 1105 1158 captivorum
1113 1101 1188 1159 urag-

156 1161 190 1218 10
202 1179 272 1220 num
292 1179 444 1220 numerum
461 1161 596 1229 babebat,
617 1172 647 1220 et
659 1159 803 1228 nonnulle
823 1170 992 1238 tempestate
1010 1159 1189 1237 deperierant

203 1259 301 1308 nares,
312 1240 424 1311 drrobus
434 1240 640 1300 commeatibus
650 1239 808 1298 exercitum
816 1250 960 1315 reportare
971 1239 1103 1298 instituit.
1145 1240 1189 1298 Ac

203 1319 245 1376 sic
260 1319 376 1386 accidit,
386 1317 428 1378 uti
438 1339 475 1378 ax
486 1317 690 1383 tautonavium
699 1336 829 1384 numero,
838 1327 880 1378 tot
889 1317 1129 1394 navigationibus,
1142 1337 1191 1378 ne·

203 1416 258 1471 que
269 1398 334 1465 boc,
348 1415 441 1472 neque
455 1397 598 1472 superiore
613 1415 698 1465 anno,
713 1397 771 1456 ulla
780 1396 898 1456 omuino
908 1398 999 1465 navis,
1011 1416 1074 1472 quc
1088 1397 1204 1458 minue

203 1483 337 1550 portaret
358 1471 585 1540 desideraretur:
616 1485 645 1536 at
661 1495 699 1535 ex
719 1474 764 1544 iis.
778 1494 840 1552 quaa
855 1474 956 1536 inanes
976 1495 1014 1534 ex
1029 1473 1192 1536 'continenti

158 1553 192 1612 15
204 1553 241 1612 ad
260 1559 328 1613 eiam
347 1551 567 1624 remitterentur,
580 1554 682 1632 prioris
695 1553 872 1616 commeatus
891 1554 1026 1632 expositis
1043 1553 1190 1621 militibus,

204 1641 324 1707 atquae
349 1643 448 1710 postea
470 1632 617 1694 Labienus
640 1635 789 1697 faciendas
814 1643 964 1694 curaverat
985 1652 1107 1692 numero
1127 1631 1192 1701 LX,

203 1712 982 1870 bultubuttttlulllltsmllt
997 1712 1192 1852 tltffilll

205 1888 272 1946 pore
286 1890 305 1929 a
323 1872 506 1949 nauigatione
523 1874 732 1942 excluderetur,
746 1870 823 1948 qudd
845 1870 1047 1948 aequinoctium
1068 1869 1194 1938 suberat,

155 1951 193 2010 9]
204 1949 369 2009 necessarie
379 1951 528 2026 angustius
538 1952 643 2009 milites
653 1949 813 2020 collocavit,
822 1969 858 2008 ac
868 1950 980 2008 summi
990 1947 1195 2023 tranquillitate

205 2029 371 2096 consecuti,
393 2029 528 2089 secundi
540 2027 611 2087 tatu
628 2047 717 2099 quum
736 2028 865 2086 solvisset
883 2026 990 2102 vigilie,
1011 2026 1104 2103 primi
1129 2025 1196 2084 luce

205 2115 310 2164 teram
324 2103 426 2179 atu'git,
440 2121 595 2178 omnesque
609 2103 767 2164 incolurnea
780 2121 869 2163 naves
881 2105 1022 2180 perduxit.
1139 2144 1170 2192 ,ζ

245 2181 360 2239 XXIV.
402 2180 559 2240 Subductis
578 2180 708 2248 naribus,
728 2180 832 2241 concil
871 2201 908 2239 ue
928 2183 1077 2242 Gallorum
1096 2185 1197 2248 Sama-

206 2258 325 2316 robriuae
344 2268 470 2336 peracto,
485 2257 561 2335 qued
581 2278 617 2320 eo
631 2278 707 2318 anno
727 2259 901 2321 frumentum
914 2260 944 2320 iu
964 2260 1061 2318 Gallia
1081 2273 1196 2340 propter

157 2341 192 2398 Ἃ
206 2336 351 2397 siccitates
365 2337 514 2414 angustius
532 2348 711 2418 provenerat,
730 2341 912 2410 mactustest
925 2334 1015 2406 alite‘r,
1031 2357 1067 2401 ao
1088 2342 1197 2418 superi·

205 2416 303 2476 oribus
316 2416 409 2486 annu,
423 2417 582 2478 exercitum
596 2418 626 2478 in
646 2417 782 2494 hybernIs
795 2417 947 2487 collocare,
961 2417 1147 2495 legionesque
1166 2419 1196 2480 in
1249 2435 1253 2443 “

205 2495 302 2574 plures
329 2496 460 2557 civitates
486 2498 677 2558 distribuere:
711 2518 749 2558 ex
773 2497 876 2574 quibus
903 2517 991 2559 unam
1012 2497 1042 2555 in
1066 2495 1197 2556 Morinos

207 2576 370 2638 ducendam
393 2576 428 2650 0,
453 2575 544 2639 Fabio
564 2577 659 2654 legato
678 2559 777 2648 iodim
807 2576 925 2638 alteram
946 2576 977 2634 in
1000 2575 1133 2660 Nervios,
1152 2576 1195 2642 Q.

207 2653 494 2726 Ciceroni;.''tertianr
512 2656 542 2716 in
563 2655 870 2725 messanensem
891 2667 1021 2731 quartam
1042 2655 1072 2713 in
1093 2654 1198 2718 Remis

157 2737 193 2792 ec
207 2753 273 2794 cum
287 2734 324 2794 T.
340 2734 470 2792 Labieno
494 2734 524 2793 in
535 2734 661 2794 confinio
674 2732 860 2792 Trevirorum
870 2734 1005 2808 hyemare
1015 2733 1116 2810 jussitt
1137 2743 1198 2794 tres

207 2811 237 2870 in
257 2812 359 2887 Belgio
370 2809 538 2870 collocaritt
558 2811 604 2870 lria
621 2809 663 2868 II.
678 2809 825 2881 Crassum,
839 2823 1018 2885 questorem,
1032 2822 1062 2869 et
1081 2810 1115 2870 L.
1130 2809 1199 2877 Mu·

205 2889 317 2949 natium
337 2889 487 2958 Plancum,
501 2899 531 2948 et
550 2888 585 2948 C.
600 2887 780 2950 Trebonium
792 2888 903 2966 legatos
922 2891 1059 2967 prefecit
1100 2889 1198 2950 Unam

206 2967 216 3026 l
255 2968 261 2980 ’
282 2989 359 3038 nem,
392 2988 478 3045 quam
513 2967 641 3045 proxirnd
668 2979 748 3028 uana
779 2967 890 3028 Padum
917 2969 1136 3046 conscripserat,
1168 2981 1198 3031 ct

207 3065 242 3104 co
262 3059 338 3105 ortes
350 3048 475 3122 quinque
489 3047 519 3105 in
540 3048 701 3115 Eburones,
715 3065 835 3122 quorum
848 3066 915 3123 pars
927 3047 1052 3109 marimo
1065 3058 1109 3106 est
1122 3047 1198 3110 inter

158 3127 193 3184 35
207 3123 320 3210 Mosam
339 3142 374 3181 sc
387 3124 536 3191 Rhenum,
550 3124 599 3199 qui
613 3125 666 3183 sub
684 3125 803 3200 imperio
816 3126 994 3204 Ambiorigis
1012 3137 1042 3184 et
1056 3126 1197 3188 Cativolci

208 3215 299 3272 erant,
308 3200 393 3260 misit
434 3199 490 3258 His
498 3201 684 3264 militibusQ,
693 3202 839 3262 Titurium
849 3204 989 3266 Sabinum
997 3205 1068 3264 etL.
1079 3206 1199 3268 Aurun-

208 3283 334 3343 culeium
355 3279 479 3346 Cottam
497 3279 617 3355 legatos,
637 3299 759 3357 preesse
777 3281 869 3358 jussit.
911 3283 960 3344 Aa
977 3285 1059 3342 lrunc
1079 3285 1199 3346 modum

210 3359 366 3422 distributis
397 3357 568 3438 legionibus,
602 3359 738 3420 facillime
759 3360 875 3438 inopie
909 3359 1099 3424 comestoris
1134 3379 1200 3425 sese

210 3442 318 3499 mederi
331 3460 414 3518 posse
434 3438 623 3510 existImavit3
645 3450 728 3518 atque
742 3441 843 3500 harum
856 3452 953 3502 temen
966 3437 1094 3500 omnium
1108 3438 1200 3516 legio·

160 3525 195 3586 to
211 3537 282 3577 num
294 3519 423 3594 hyberna
436 3519 551 3598 (preter
568 3537 643 3586 eam,
657 3538 742 3596 quam
762 3519 796 3578 L
811 3519 921 3582 Roscio
933 3519 963 3588 in
983 3516 1198 3592 pacatissimam

211 3607 241 3658 ot
253 3596 457 3671 quietissimam
471 3609 581 3676 partem
594 3593 761 3658 ducendam
772 3599 903 3678 dederat)
915 3595 1040 3657 millibus
1060 3616 1199 3674 passuum

212 3687 329 3736 centum
349 3678 577 3739 continebantur.
626 3676 693 3755 Ipse
712 3677 831 3746 interea,
845 3677 939 3754 quoad
960 3676 1090 3754 legiones
1112 3677 1199 3738 collo-

213 3757 513 3898 clssqtmipamitsque
539 3758 682 3838 hyberna
698 3757 887 3838 moverer,
914 3756 945 3816 in
972 3755 1069 3826 Gallis
1094 3755 1199 3820 morari
1251 3765 1254 3778 '

213 3855 306 3900 consa
362 3878 369 3895 .
675 3867 677 3874 ·
