2564 4422
536 151 545 184 b

343 303 344 306 Ἴ
396 307 398 310 ’
470 349 578 400 nmen
593 315 768 401 ocrrvusss
1107 332 1197 416 137'

124 475 127 486 '
168 493 227 554 111.
270 491 438 568 nepnmo
458 492 582 550 sensu
600 491 724 549 omn
744 491 860 561 serus,
880 494 955 568 quos
973 494 1118 571 impostis

128 572 314 650 disjeetisque
336 569 469 627 soeidere
491 568 545 627 tuit
566 589 694 638 neeesse,
716 581 749 628 ut
770 569 833 628 sine
853 570 953 630 timore
974 573 1033 631 ullo
1052 592 1119 631 rurs

129 652 259 709 uolentes
272 647 352 725 prius
366 648 403 706 ub
416 647 543 724 equitatu
563 648 800 724 opprimerentur,
813 647 900 724 quim
920 651 1075 727 confingere
1088 652 1118 710 iu

128 729 235 806 oppidu
260 738 384 804 possent.
434 725 569 801 Numque
595 726 682 784 etium
708 726 779 785 illud
805 727 921 803 vulgare
948 727 1137 788 ineur'sionis'

128 807 246 883 signum
260 805 394 873 hostium,
407 804 482 880 quod
506 804 649 862 incendiis
663 805 849 864 aedilioiorum
863 805 983 886 intelligi
1001 826 1119 866 consue·
1148 796 1177 866 5'

128 885 178 952 vit,
193 883 320 942 Cesuris
330 882 360 939 id
372 893 434 940 eret
454 881 606 940 interdicto
619 884 781 942 subletum:
802 903 839 942 ne
858 894 907 942 sut
919 885 1003 962 oopii
1022 875 1120 962 psbuli

129 961 333 1040 frumentique,
348 961 372 1018 si
385 957 499 1036 longiirs
509 961 641 1036 progredi
654 961 747 1031 vellet,
759 962 944 1034 deficeretur5
966 975 1015 1022 sut
1025 964 1119 1024 hostes

129 1041 275 1100 incendiis
307 1050 489 1097 terrerentur.
544 1037 645 1096 Multis
678 1041 826 1099 hominum
858 1041 984 1100 millibus
1017 1043 1118 1119 septis,

129 1118 272 1202 pertprriti
285 1117 439 1194 Bituriges,
452 1117 501 1192 qui
520 1115 643 1194 primum
658 1118 811 1177 adventum
830 1120 957 1196 effligere
969 1132 1120 1198 potueruut

130 1198 340 1272 Romanorum,
359 1196 390 1254 iu
403 1194 539 1253 finitimus
554 1195 692 1265 civitates,
712 1207 761 1255 sut
773 1197 890 1273 privetis
912 1198 1041 1275 hospitiis
1053 1218 1121 1258 oon-
1132 1204 1166 1258 10

129 1275 185 1345 fisi,
208 1286 258 1333 aut
278 1274 415 1334 societate
436 1273 630 1342 oonsiliorum,
652 1275 848 1352 confugerunt.
876 1274 1027 1340 ,Frustrd:
1052 1297 1120 1336 nem

130 1355 229 1414 Caessr
244 1353 356 1429 mugnis
373 1352 525 1412 itineribus
536 1353 669 1412 omnibus
682 1353 753 1412 loeis
765 1354 905 1425 oeeurrit;
930 1375 985 1413 neo
1006 1357 1056 1414 det
1068 1356 1120 1414 ulli
1243 1347 1250 1364 ’

130 1432 241 1490 eiritnti
261 1432 384 1508 spatium
404 1431 441 1488 de
463 1419 774 1508 dieudpotiirs,qui1n
791 1435 828 1491 de
851 1434 1010 1493 domestiei
1030 1435 1119 1494 sulute
1196 1375 1240 1473 l

100 1553 104 1562 .
130 1509 298 1588 eogitendi:
318 1511 374 1585 qud
387 1509 534 1567 eeleritate
547 1519 577 1566 et
590 1508 689 1566 fideles
703 1511 811 1570 emioos
830 1512 981 1581 retinebat,
995 1523 1025 1571 et
1037 1513 1133 1577 dubi-,

130 1599 350 1656 tentesterrore
373 1588 409 1645 sd
423 1586 602 1646 conditiones
614 1586 695 1663 penis
707 1588 887 1646 -sddneebat
937 1590 1004 1648 Tuli
1021 1589 1167 1649 condi-15

129 1667 210 1726 tione
222 1667 374 1743 propositi,
386 1665 539 1741 Bituriges,
550 1683 638 1740 quum
651 1664 707 1722 sibi
719 1665 848 1722 viderent
856 1666 1010 1724 elementis
1021 1668 1118 1728 Cese-

130 1746 171 1804 ris
190 1745 314 1804 reditum
333 1758 430 1821 petere
451 1743 481 1800 in
504 1742 567 1819 ejus
589 1742 755 1810 nmieitism,
776 1743 968 1818 finitimusque
989 1744 1118 1804 oivitstes

130 1824 194 1883 sine
207 1823 266 1882 ulls
276 1824 364 1900 pent
384 1822 497 1880 dedisse
510 1820 732 1896 obsidenstque
751 1821 781 1880 in
794 1821 881 1880 tidem
901 1832 1030 1898 reeeptus
1043 1841 1117 1891 esse,
1242 1843 1247 1852 ·

130 1903 209 1962 idem
223 1903 361 1970 leserunt.
495 1909 499 1916 '

171 1981 224 2041 lv.
253 1980 364 2038 'Caesur
387 1978 525 2038 militibus
550 1989 704 2055 protento
724 1978 821 2038 labore
842 2000 877 2040 ee
897 1980 1046 2057 patientiis,
1068 1981 1165 2057 quim
1202 2053 1204 2056 Ι

7 2127 11 2136 1
131 2059 309 2132 brumalibus
341 2058 452 2127 diebus,
487 2057 637 2116 itineribus
674 2054 859 2129 difficillimis,
891 2059 1044 2137 frigoribus
1075 2059 1119 2120 iu·
1249 2073 1251 2080 ’

131 2139 297 2206 tolerandis,
324 2135 529 2218 studiosissime
555 2149 771 2214 permenserunt
804 2139 964 2207 inlabere,
991 2139 1119 2200 ducenos

131 2217 287 2286 sestertios,
308 2215 532 2284 tentationibus,
544 2215 576 2273 II
597 2216 688 2275 millia
710 2222 859 2278 nummum
880 2219 983 2296 prsedte
1004 2219 1142 2292 nomine¹
1244 2239 1246 2246 ·

131 2293 497 2371 ooudonendepollioetur3
511 2294 729 2370 legionibusque
738 2297 768 2353 in
779 2297 907 2372 hyberna
915 2297 1050 2368 remissis,
1060 2298 1120 2375 ipse

131 2395 164 2434 se
177 2375 280 2451 recipit
292 2373 339 2432 die
359 2372 416 2432 XL
429 2373 572 2444 Bibracte.
613 2371 660 2429 Ibi
679 2392 767 2448 quum
778 2374 825 2448 jus
844 2375 964 2442 diceret,
978 2376 1121 2454 Bituriges
1134 2374 1168 2428 25

133 2455 170 2514 od
190 2473 258 2512 eum
277 2453 387 2529 legatos
404 2451 531 2520 mittunt,
554 2451 691 2509 auxilium
711 2450 831 2526 petitum
847 2463 947 2510 oenus
967 2452 1120 2522 Carnutes,

131 2552 203 2609 quos
230 2531 359 2590 intulisse
385 2530 491 2588 bellum
514 2529 570 2588 sibi
595 2529 796 2605 querebantur.
843 2528 915 2590 Qut
940 2547 971 2585 re
994 2532 1120 2605 oognitd,

132 2629 221 2688 quum
235 2630 293 2670 non
315 2607 436 2686 emplius
450 2609 480 2668 X
493 2619 522 2666 et
534 2607 612 2666 VIII
626 2607 688 2664 dies
708 2607 739 2664 in
753 2607 889 2682 hybernis
901 2615 977 2664 esset
997 2599 1122 2666 eommo-

132 2701 222 2758 rntus,
236 2689 364 2766 legiones
374 2681 449 2748 xlv
463 2698 492 2745 et
505 2685 549 2744 VI
562 2707 599 2746 ex
611 2685 747 2762 hybernis
761 2686 797 2744 sb
811 2687 903 2744 Arsre
913 2684 1031 2755 eduoit3
1051 2699 1122 2760 ques

15 2773 19 2781 '
133 2769 174 2827 ibi
198 2767 363 2834 collocutus,
382 2766 559 2843 explicante
579 2765 622 2824 rei
642 2765 835 2823 frumentariae
859 2765 956 2834 oensis,
977 2763 1169 2841 superiorem

133 2845 349 2906 Commentario
362 2846 586 2903 demonstratum
598 2854 650 2902 est
692 2843 739 2902 Ite
757 2863 825 2902 eum
838 2845 950 2902 duabus
962 2843 1122 2920 legionibus

134 2927 170 2984 sd
184 2925 396 3002 persequendos
409 2923 551 2982 Carnutes
563 2921 762 2997 proficiscitur.

172 3005 211 3068 V.
244 3003 354 3079 ,Quum
368 3003 444 3060 ferus
464 2999 607 3059 exercitiis
622 3001 658 3058 ud
672 3000 766 3058 hostes
779 3011 854 3058 esset
873 2999 992 3077 perlate,
1006 2999 1123 3060 oulurni-

132 3094 192 3142 tste
206 3093 375 3140 ceterorum
387 3080 467 3138 dueti
483 3079 637 3146 Carnutes,
651 3078 772 3136 desertis
784 3078 856 3137 viois
867 3079 1049 3156 oppidisque,
1058 3097 1121 3154 que

28 3218 32 3226 ,
132 3161 291 3220 tolerandae
303 3158 414 3235 hyemis
426 3159 525 3226 enusi,
539 3157 701 3217 constitutis
716 3157 834 3235 repente
847 3159 959 3236 exiguis
973 3159 1009 3216 ed
1022 3164 1164 3219 neeesse

133 3235 249 3298 si'tetem
272 3237 411 3306 aedificiis,
429 3235 603 3304 ineolebunt,
629 3237 733 3314 (nuper
751 3237 829 3294 enim
850 3235 954 3295 devioti
975 3235 1122 3311 eompluru

132 3319 240 3395 oppida
254 3315 452 3394 dimiserunt)
474 3314 593 3391 dispersi
613 3315 786 3392 profugiunt.
828 3314 925 3372 Cressr
940 3325 1123 3390 erumpentes

94 3403 97 3409 '
132 3415 169 3455 eo
202 3393 328 3456 maxime
355 3406 481 3470 ternpore
508 3393 662 3452 soerrimes
688 3403 880 3469 tempestates,
906 3410 994 3467 quum
1027 3394 1123 3454 subire

133 3474 241 3534 milites
253 3473 351 3542 nollet,
363 3473 393 3532 in
406 3472 510 3548 oppido
523 3473 684 3530 Cornutum
697 3471 818 3530 (leuabo
827 3481 923 3528 osstre
934 3471 1025 3547 ponit,
1041 3485 1124 3550 etque

134 3553 167 3610 in
190 3563 267 3615 teote
291 3552 395 3628 partim
422 3550 579 3619 Gallorum,
603 3550 707 3627 partim
732 3567 805 3625 qure,
827 3548 967 3625 eonjeotis
993 3552 1170 3618 eeleriterto

135 3630 299 3690 strumentis
308 3630 494 3690 tentoriorum
504 3629 722 3706 integendorum
731 3625 833 3703 grstid,
848 3639 930 3687 erunt
940 3629 1121 3695 inredilieute,

134 3709 240 3768 milites
250 3709 396 3786 eontegit:
416 3706 526 3784 equites
534 3720 632 3768 tumen
645 3717 675 3765 et
685 3705 848 3774 auxiliarios
857 3709 968 3784 pedites
982 3710 1012 3768 in
1024 3726 1114 3767 omne:

133 3799 230 3866 partes
240 3787 337 3854 mittit,
347 3805 532 3862 quaeeunque
540 3782 821 3862 petissedioebsntur
835 3786 938 3846 hostes.
979 3785 1044 3843 Nee
1052 3785 1110 3839 lius

108 3949 115 3968 .
133 3865 198 3928 tri:
219 3885 289 3927 nem
308 3864 475 3977 pleriunqpe
491 3865 598 3942 magns
616 3861 713 3942 predi
732 3863 814 3942 potiti
827 3866 916 3926 nostri
936 3871 1111 3922 revertuntur
