2590 4424
147 287 188 346 ω
509 277 557 332 oa
574 279 691 330 asmo
710 253 871 366 samace

199 433 281 500 atque
302 422 327 480 is
339 421 402 482 dies
412 421 537 480 induciis
549 434 611 481 erat
624 423 661 480 ab
673 421 715 479 eis
730 421 845 498 petitus,
860 421 966 497 impetu
980 421 1066 490 swto,
1082 421 1189 480 celeri-

197 513 240 560 ter
266 512 376 561 nostros
401 502 644 577 perturbaverunt.
698 500 812 558 Rursus
841 499 1037 558 resistentibus
1065 501 1188 568 nostris,

198 580 405 639 consuetudine
431 579 483 636 sui
508 581 543 636 ad
565 580 654 656 pedes
677 578 863 646 desiluerunt,
887 579 1068 654 suffossisque
1092 578 1189 656 equis,

198 658 445 734 compluribusque
458 657 698 748 nostrisdeqeetis,
707 656 829 731 reliquos
841 657 872 713 in
881 657 976 732 sugam
985 656 1188 733 conjecerunt,

171 747 282 812 5atque
297 735 337 794 ita
353 736 515 812 perterritos
538 733 672 810 ege'runt,
683 746 713 791 ut
734 755 792 792 non
815 733 894 809 priris
913 735 981 810 fugi
1001 735 1188 801 desisterent,

198 813 284 890 quim
298 815 328 872 in
346 824 530 890 conspectum
546 813 668 889 agminis
687 814 776 872 nostri
789 812 942 870 venissent.
982 812 1018 870 In
1032 832 1068 870 eo
1088 812 1191 888 praelio

199 912 236 950 ex
260 893 403 970 equitibus
427 892 531 950 nostris
557 891 768 949 interficiuntur
788 901 907 966 quatuor
927 901 956 948 et
978 891 1189 967 septuaginta3

200 967 296 1029 inhia
316 971 358 1028 vir
381 969 559 1038 fortissimus,
582 969 658 1037 Piso,
680 971 852 1048 Aquitapus,
877 969 1050 1044 amplissimo
1078 988 1191 1045 genere

199 1060 293 1116 natus,
308 1049 391 1125 cujus
412 1067 480 1105 avus
494 1049 524 1106 in
546 1049 660 1106 civitate
674 1049 727 1104 suri
748 1066 868 1122 regnum
878 1047 1051 1115 obtinuerat,
1076 1047 1191 1105 amicus

156 1137 190 1190 10
201 1127 237 1184 ab
250 1136 351 1184 senatu
371 1137 468 1184 nostro
482 1126 645 1203 appellatus.
688 1123 757 1192 Ilio,
778 1144 865 1199 quum
880 1127 958 1198 fratri
979 1126 1140 1184 intercluso
1155 1125 1190 1182 ab

200 1204 328 1264 hostibus
349 1205 485 1262 auxilium
499 1206 593 1270 ferret,
609 1203 687 1259 illum
708 1222 744 1260 ex
757 1203 884 1278 periculo
897 1204 1017 1279 eripuit:
1038 1203 1102 1280 ipse
1117 1221 1191 1278 equo

200 1284 346 1342 vulnerato
366 1284 503 1358 dejectus,
525 1282 617 1356 quoad
638 1280 738 1354 potuit,
758 1280 910 1340 fortissime
931 1282 1042 1339 restitit
1085 1283 1190 1345 Quum

200 1362 420 1432 circumventus,
434 1360 530 1416 multis
545 1357 708 1415 vulneribus
729 1359 863 1434 acceptia,
878 1360 1041 1432 cecidisset,
1056 1371 1145 1436 atque
1160 1361 1189 1418 id

200 1439 294 1505 frater,
309 1438 357 1511 qui
369 1438 428 1512 jaan
444 1437 541 1513 praelio
557 1447 731 1504 excesserat,
745 1438 844 1512 procul
865 1437 993 1494 animum
1008 1439 1189 1504 advertisset

157 1527 190 1580 15
200 1516 318 1572 incitato
331 1534 405 1590 equo
414 1534 445 1572 se
456 1515 584 1573 hostibus
596 1514 708 1582 obtulit,
724 1525 807 1590 atque
821 1515 988 1574 interfectus
1001 1527 1053 1574 est

239 1592 328 1651 XIII.
371 1593 437 1652 Hoc
459 1595 535 1652 sacto
556 1593 662 1670 praelio,
688 1593 785 1652 Caesar
805 1614 897 1670 neque
917 1595 978 1674 jam
1000 1595 1054 1654 sibi
1077 1595 1191 1673 legatos

200 1672 366 1740 audiendos,
381 1693 473 1749 neque
487 1673 665 1732 conditiones
679 1673 862 1748 accipiendas
877 1675 1065 1732 arbitrabatur
1079 1676 1119 1732 ab
1134 1673 1189 1740 his,

199 1751 248 1828 qui
266 1771 316 1828 per
332 1752 428 1809 dolum
443 1764 526 1828 atque
541 1751 668 1818 insidias,
685 1752 773 1826 petita
793 1771 874 1828 pace,
896 1753 970 1810 ultro
985 1752 1091 1810 bellum
1115 1753 1191 1811 intu-

199 1831 315 1888 lissent:
336 1842 502 1908 exspectare
515 1829 592 1898 verb,
605 1832 673 1887 dum
684 1831 806 1887 hostium
820 1830 909 1904 copie
924 1841 1096 1906 augerentur
1110 1830 1192 1907 equi-

155 1919 332 1986 20tatusque
352 1920 548 1977 reverteretur,
568 1927 686 1966 summae
706 1907 857 1964 dementiae
869 1927 934 1965 esse
952 1909 1121 1984 judicabat:
1150 1918 1190 1975 et,
1215 1967 1217 1970 .

201 1989 316 2064 cognita
337 1989 483 2046 Gallorum
504 1986 676 2050 infirmitate,
698 1995 835 2059 quantum
847 1985 905 2060 jam
928 1987 1003 2061 apud
1021 2007 1070 2044 eos
1091 1989 1191 2046 hostes

201 2086 259 2124 uno
271 2067 368 2141 praelio
380 2063 556 2138 auctoritatis
574 2072 669 2119 essent
683 2061 840 2128 consecuti,
855 2062 1012 2120 sentiebat:
1032 2065 1140 2138 quibus
1155 2065 1191 2122 ad

200 2143 320 2200 consilia
333 2141 474 2216 capienda
487 2135 558 2196 nihil
578 2138 662 2214 spatii
676 2139 803 2194 dandum
818 2139 1006 2196 existimabat
1048 2141 1105 2198 His
1120 2162 1193 2200 con-

201 2219 305 2278 stitutis
315 2219 415 2286 rebus,¹
424 2229 453 2276 et
466 2218 586 2276 consilio
595 2237 661 2274 cum
669 2216 807 2292 legatiset
817 2227 954 2291 questore
963 2219 1191 2286 communicato,
1242 2233 1246 2238 '

156 2309 237 2362 25ne
271 2317 355 2372 quern
382 2297 458 2354 diem
484 2315 587 2372 pugne
613 2295 847 2372 pretermitteret,
874 2294 1114 2371 opportunissima
1142 2318 1191 2356 rea

202 2376 316 2452 accidit,
330 2375 408 2451 quiid
425 2376 559 2452 postridie
580 2376 642 2452 ejus
665 2375 723 2432 diei
744 2393 839 2443 mene,
853 2375 954 2432 eedem
976 2386 1005 2434 et
1025 2376 1148 2450 perfidiis
1162 2387 1191 2434 et

202 2455 381 2514 simulatione
407 2456 452 2514 usi
475 2455 623 2523 Germani,
649 2455 819 2530 frequentes,
852 2453 985 2512 omnibus
1010 2454 1190 2533 principibus

201 2535 410 2611 majoribusque
435 2545 503 2594 natu
529 2534 672 2601 adhibitis,
698 2533 734 2590 ad
760 2553 826 2590 eum
851 2532 881 2590 in
907 2544 1001 2590 castra
1026 2537 1188 2601 v'enerunt3

202 2614 295 2683 simul,
311 2626 342 2672 ut
363 2615 520 2681 dicebatur,
543 2613 587 2670 sui
608 2612 749 2689 purgandi
769 2613 866 2677 causti,
888 2595 964 2684 qlrbd
1047 2610 1088 2679 ri,
1103 2623 1190 2685 atque

156 2701 192 2754 30
202 2703 277 2750 esset
290 2694 397 2752 dictum
419 2704 448 2748 et
462 2692 515 2765 ipsi
535 2690 683 2765 petissent,
697 2689 825 2763 prolium
847 2687 938 2762 pridie
959 2689 1188 2756 commisissent:

202 2770 284 2838 simul
306 2768 347 2835 ut,
368 2770 392 2824 si
412 2769 480 2842 quid
498 2777 623 2842 possent,
645 2767 681 2822 de
705 2764 829 2820 induciis
847 2765 971 2826 fallendo
994 2768 1188 2848 impetrarent.

111 2865 113 2870 ·
201 2847 285 2908 Quos
312 2846 365 2902 sibi
387 2846 484 2902 Caesar
507 2844 617 2902 oblatos
639 2843 763 2929 gavisus,
786 2843 847 2900 illos
868 2844 984 2903 retineri
1005 2845 1105 2922 jussitj
1127 2847 1189 2921 ipsc

202 2945 302 3000 omnes
315 2924 412 3000 copias
420 2922 521 2981 castris
534 2923 641 2989 eduxit,
651 2921 873 2997 equitatumque,
882 2923 959 2998 qubd
969 2923 1079 2982 recenti
1091 2922 1190 2999 prelio

203 3003 381 3078 perterritum
395 3021 457 3060 esse
471 3001 661 3067 existimabat,
677 3019 780 3074 agmen
794 3001 928 3076 subsequi
938 3003 1031 3079 jussit.
1162 3033 1170 3048 ι

159 3089 193 3142 35
242 3081 326 3138 XIV.
368 3080 442 3146 Acie
464 3078 568 3153 triplici
592 3079 740 3145 instructi,
762 3090 792 3135 ct
812 3079 942 3138 celeriter
966 3081 1043 3138 VIII
1067 3080 1188 3138 millium

177 3181 183 3192 ·
204 3159 305 3217 itinere
319 3159 459 3223 conlecto,
473 3154 553 3231 prids
567 3158 608 3214 ad'
617 3158 739 3214 hostium
753 3167 847 3214 castra
860 3160 998 3233 pervenit,
1009 3159 1105 3234 quim,
1119 3158 1189 3232 quid

205 3249 344 3313 ageretur,
371 3234 508 3294 Germani
534 3235 639 3292 sentire
664 3246 788 3311 possent.
840 3236 914 3304 Qui,
944 3238 1077 3296 omnibus
1102 3237 1189 3292 rebus

204 3316 298 3377 subite
321 3313 471 3391 perterriti,
495 3322 524 3370 et
547 3313 693 3371 celeritate
718 3314 857 3372 adventis
879 3316 978 3384 nostri,
1004 3323 1033 3372 et
1058 3313 1189 3370 discessu

204 3411 328 3462 suomm,
350 3413 442 3470 neque
456 3391 568 3450 consilii
589 3392 723 3460 habendi,
739 3412 832 3467 neque
847 3413 926 3452 arma
945 3392 1077 3468 capiendi
1097 3392 1189 3467 spatio

159 3470 279 3536 sedato,
308 3475 517 3544 perturbantur,
544 3470 678 3544 copiasne
706 3472 840 3530 adversus
863 3473 971 3530 hostem
995 3470 1128 3537 educere,
1151 3490 1187 3529 an

186 3576 189 3586 ·
204 3559 297 3606 castra
308 3550 471 3618 defendere,
484 3570 521 3608 an
533 3549 600 3624 lugi
614 3549 733 3606 salutem
744 3560 850 3625 petere,
861 3559 1014 3624 prestaret.
1054 3548 1185 3610 Quorum
1197 3613 1203 3622 ⁴

203 3627 286 3684 timor
303 3646 391 3702 quum
405 3629 518 3686 fremitu
532 3640 561 3686 et
578 3645 720 3686 concursu
733 3628 950 3703 significaretur,
964 3627 1068 3686 milites
1088 3628 1185 3693 nostri,

203 3704 317 3782 pristini
329 3705 386 3762 diei
399 3707 521 3780 perfidiis
533 3705 654 3772 incitati,
670 3706 699 3762 in
713 3717 808 3764 caetra
821 3706 990 3780 irruperunt.
1030 3706 1101 3769 Quo
1114 3707 1186 3772 loco,

203 3784 252 3862 qui
266 3783 395 3843 celeriter
410 3803 488 3843 arma
501 3803 604 3862 capere
624 3795 785 3861 potueruut,
800 3782 942 3859 paulisper
955 3785 1059 3846 uostris
1078 3785 1188 3850 restite-
