2590 4424
453 357 755 418 marcemus.
1109 371 1150 432 ω

107 513 189 574 runt,
202 515 285 580 atque
309 502 385 560 inter
405 518 502 560 curros
521 500 781 578 impedimentaque
801 503 930 580 pralium
950 508 1099 576 commiss·

108 595 194 644 runtt
205 594 244 642 at
255 582 367 659 reliqua
379 580 532 638 multitudo
543 597 695 656 puerorum
715 581 922 660 mulierumque
936 585 1018 663 (nam
1031 607 1098 647 cunr

107 663 241 722 omnihus
273 661 333 720 suis
367 660 453 718 domo
485 669 667 718 excesserunt
693 659 887 738 Rhenumque
913 665 1097 747 transierant)

107 741 213 830 passim
230 742 329 817 lugere
343 738 449 834 coepit3
471 738 507 796 ad
519 756 590 813 quos
608 740 815 817 consectandos
831 741 929 800 Cesar
942 744 1098 818 equitatum

109 830 198 878 mrert.
470 849 473 854 ·
510 823 513 829 '
659 819 664 827 ”
801 825 816 850 '⁴

147 898 217 955 XV.
259 895 407 962 Germani,
428 905 492 970 poet
509 904 625 970 tergum
649 894 772 953 clamore
797 899 903 967 audite,
924 918 1012 974 quum
1032 919 1097 960 suos

110 975 234 1034 interfici
247 975 385 1041 viderent,
398 973 483 1030 armis
497 972 627 1048 abjectis,
641 972 785 1050 signisque
799 977 968 1034 militaribus
981 977 1096 1047 relictis,

107 1073 141 1112 se
155 1073 193 1110 ex
214 1053 314 1110 castris
333 1053 500 1127 ejecerunt3
521 1061 559 1117 et,
581 1069 669 1126 quum
691 1053 727 1108 ad
745 1054 937 1113 confluentem
959 1055 1048 1114 Mose
1068 1068 1099 1116 et

109 1131 213 1190 Rheni
220 1131 424 1207 pervenissent,
438 1129 546 1204 reliqui
559 1130 627 1205 fugi
641 1130 799 1205 desperati,
811 1153 916 1209 magno
926 1154 1044 1194 numero
1054 1136 1097 1193 in·

109 1211 243 1277 terfecto,
254 1208 355 1284 reliqui
363 1227 393 1265 se
407 1207 551 1266 indumen
562 1208 826 1285 precipitaverunt3
842 1223 925 1287 atque
936 1213 975 1269 ibi
985 1213 1096 1281 timore,
1115 1221 1149 1274 10

1131 833 1149 885 5

107 1288 292 1355 lassitudine,
307 1287 334 1343 vi
355 1286 476 1344 fluminis
493 1286 621 1362 oppressi
641 1286 794 1361 perierunt.
835 1289 932 1347 Nostri
951 1291 987 1348 ad
1008 1309 1096 1348 unum
1182 1301 1183 1308 ’

12 1372 32 1440 χ’
107 1385 210 1426 ornnes
225 1366 393 1432 implumes,
412 1365 563 1442 perpaucis
576 1365 740 1432 vulneratis,
761 1368 882 1425 extanti
904 1369 970 1426 belli
985 1369 1095 1437 timore,

107 1465 196 1521 quum
210 1445 334 1504 hostium
355 1463 491 1501 numerus
505 1443 630 1518 capitum
649 1443 796 1502 CDXXX
810 1447 929 1505 millium
944 1447 1051 1516 fuisset,
1066 1467 1096 1506 se

109 1525 141 1582 in
155 1535 248 1582 castra
268 1533 446 1598 receperunt
489 1523 588 1580 Cesar
609 1521 662 1589 his,
684 1542 753 1598 quos
767 1524 797 1581 in
811 1525 911 1584 castris
930 1527 1109 1595 retinuerat.

108 1601 279 1658 discedendi
290 1611 458 1678 potestatem
472 1600 541 1658 secit
549 1619 557 1674 ς
579 1599 619 1657 illi
633 1601 772 1676 supplicia
785 1604 983 1680 cruciatusque
1001 1606 1097 1664 Gallo·
1114 1613 1147 1666 15

107 1699 176 1737 rum
190 1680 280 1746 veriti,
294 1699 409 1754 quorum
432 1697 516 1756 agros
533 1689 713 1746 vexaverant,
728 1697 875 1738 remanere
889 1701 919 1738 se
942 1684 1016 1758 apud
1030 1702 1096 1741 eum

107 1759 184 1816 velle
194 1759 336 1816 dixerunt.
377 1757 433 1815 His
446 1758 545 1815 Cesar
558 1757 718 1815 libertatem
732 1759 882 1818 concessit.
920 1759 924 1768 ’
1076 1769 1079 1776 ’

47 1892 51 1900 ,
148 1837 234 1894 ΧΠ.
275 1836 449 1894 Germanico
470 1836 544 1892 bello
564 1835 705 1902 consecto,
719 1834 816 1892 multis
830 1836 865 1892 de
886 1836 981 1894 causis
999 1837 1096 1895 Cesar

106 1916 216 1983 statuit,
246 1915 300 1972 sibi
324 1915 463 1972 Rhenum
484 1933 547 1970 esse
573 1914 794 1971 transeundum:
829 1933 948 1988 querum
972 1914 1020 1972 illa
1043 1915 1095 1973 suit

103 1993 273 2072 justissima,
294 1992 383 2068 quod,
396 2011 485 2068 quum
506 1992 614 2048 videret
627 1991 793 2049 'Germanos
810 2001 868 2049 tam
889 1991 974 2050 facile
989 1993 1095 2068 impelli
1110 2001 1146 2056 m
1163 1978 1171 2029 '¹

106 2084 138 2130 ut
151 2073 181 2131 in
197 2071 328 2132 'Galliam
346 2071 487 2137 venirent,
501 2070 561 2127 suis
580 2089 692 2146 quoque
712 2071 797 2128 rebus
815 2089 863 2130 eos
883 2071 983 2128 timere
997 2069 1093 2141 voluit,

105 2171 193 2227 quum
208 2150 456 2226 intelligerente‘et
468 2167 550 2224 posse
571 2158 600 2205 et
614 2150 718 2206 audere
733 2149 833 2226 Populi
847 2149 973 2208 Romani
987 2150 1095 2208 exerci-

12 2281 14 2290 ,
106 2243 168 2288 tum
182 2231 323 2287 Rhenum
343 2227 473 2298 transire,
515 2227 648 2284 Accessit
661 2229 758 2296 etiam,
774 2228 850 2305 quod
864 2221 921 2286 illa'
932 2249 997 2305 pars
1017 2229 1096 2306 equi-

105 2309 183 2366 tatius
193 2307 344 2384 Usipetum
358 2316 387 2363 ct
401 2305 660 2373 'l'enchtherorum
675 2326 760 2383 quam
779 2307 864 2383 supri
877 2307 1094 2367 commemorari

105 2386 255 2463 praedandi
288 2384 537 2459 frumentandique
566 2385 654 2441 causti
689 2385 801 2443 Mosam
826 2386 971 2456 transisse,
1002 2405 1094 2462 neque
1106 2393 1145 2447 225

105 2465 205 2540 praelio
228 2464 399 2529 interfuisse,
418 2472 480 2538 post
501 2463 598 2538 fugam
622 2482 736 2520 suorum
757 2482 787 2520 se
808 2474 886 2521 trans
905 2464 1043 2522 Rhenum
1064 2465 1094 2522 in

106 2544 146 2600 fin
208 2537 423 2618 Sigambiorum
450 2552 606 2616 receperat,
628 2559 714 2616 seque
741 2559 808 2597 cum
832 2542 867 2598 iis
899 2543 1093 2616 conjunxerat.

106 2624 135 2679 A
210 2641 242 2678 os
254 2639 340 2696 quum
355 2621 453 2676 Caeser
467 2619 589 2677 nuncios
603 2618 734 2686 misisset,
748 2618 797 2692 qui
809 2618 992 2692 postularent,
1009 2619 1093 2696 ‘Eos

105 2700 153 2774 qui
168 2699 224 2767 sibi
244 2699 402 2774 Galliasque
416 2697 521 2755 bellum
543 2697 713 2765 intulissent,
728 2696 783 2753 sibi
803 2696 960 2762 dederent,’
981 2715 1094 2772 respon·

106 2780 231 2836 derunt:
254 2777 373 2854 ‘Populi
393 2776 520 2834 Romani
545 2775 694 2852 imperium
716 2775 854 2832 Rhenum
874 2774 974 2832 finire:
1006 2775 1040 2843 si,
1064 2793 1094 2832 se
1109 2779 1146 2836 30

106 2857 195 2915 invito
220 2857 310 2914 Germ
324 2875 381 2928 Jros
395 2855 425 2911 in
438 2855 562 2917 Galliam
572 2855 702 2926 transire,
716 2873 774 2912 non
789 2873 900 2930 aequum
911 2853 1094 2922 existimaret,

105 2925 157 2993 cuir
179 2899 225 2992 sdi
238 2875 394 3010 quiddunm
414 2915 606 3009 eise'imperii
627 2944 676 2992 aut
695 2933 841 3010 potestatis
859 2943 937 2992 trans
958 2931 1095 2990 Rhenum

105 3015 262 3090 postularet
272 3015 294 3070 l’
348 3012 415 3070 Ubii
442 3022 547 3079 autem,
575 3012 624 3088 qui
657 3013 708 3069 uni
733 3031 770 3068 ex
796 3010 1028 3068 Transrhenanis
1059 3011 1095 3068 ad

106 3092 252 3150 Gaesarem
266 3092 375 3168 legatos
388 3091 534 3158 miserant,
557 3091 712 3149 amicitiam
726 3090 862 3157 fecerant,
883 3088 997 3148 obsides
1010 3089 1096 3148 dede-

105 3183 180 3238 rent,
211 3187 384 3246 magnopere
410 3170 540 3237 orabant,
571 3169 627 3227 ‘Ut
653 3169 707 3226 sihi
734 3167 871 3227 auxilium
897 3169 991 3236 ferret,
1018 3167 1094 3244 qudd
1110 3174 1145 3227 st

105 3250 230 3326 graviter
245 3250 282 3307 ab
296 3248 398 3306 Suevis
410 3259 627 3324 premerentur3
648 3247 701 3315 vel,
716 3248 740 3304 si
754 3248 783 3304 id
798 3249 892 3306 facere
902 3243 1095 3321 occupationi·

105 3328 159 3384 bus
173 3327 357 3403 Reipublicae
364 3327 572 3403 prohiberetur,
587 3327 743 3384 exercitum
757 3326 842 3384 modo
857 3326 993 3382 Rhenum
1004 3331 1094 3378 trans-

103 3416 249 3482 portaret:
272 3406 301 3462 id
323 3405 377 3463 sibi
392 3407 428 3464 ed
451 3404 587 3463 auxilium
611 3423 745 3480 spemque
759 3402 859 3478 reliqui
873 3397 1005 3472 temporis
1025 3397 1095 3457 satir

105 3485 251 3542 fauturum:
272 3495 385 3542 tantum
399 3503 463 3541 esse
479 3501 584 3541 nomeu
598 3493 682 3558 atque
694 3483 856 3558 opinionem
870 3478 931 3553 ejus
941 3477 1094 3546 exercitlls,

105 3562 251 3621 Ariovisto
261 3563 353 3642 pulso,
365 3573 394 3620 et
405 3563 460 3620 hoc
470 3562 623 3619 novissimo
634 3561 733 3637 prelio
743 3560 827 3624 secto,
835 3555 922 3613 etiam
934 3557 969 3614 ud
980 3555 1096 3614 ultimas
1110 3565 1146 3618 lu

103 3639 315 3700 Germanorum
327 3641 468 3708 nationes,
477 3638 519 3698 uti
532 3639 666 3716 opinione
677 3649 705 3696 et
719 3635 845 3694 amicitid
858 3635 959 3712 Populi
968 3633 1095 3693 Romani

103 3719 162 3776 tuti
176 3737 236 3776 esse
256 3720 374 3797 possint.
416 3717 542 3776 Navium
564 3735 698 3794 magnam
719 3713 830 3789 copiam
855 3713 891 3772 nd
904 3723 1095 3794 transporten-

102 3798 176 3856 dum
191 3799 349 3856 exercitum
362 3797 589 3874 pollicebantur!
685 3809 694 3828 ·

142 3873 247 3934 XVII.
288 3876 388 3933 Cesar
402 3877 447 3934 his
460 3875 497 3932 de
511 3874 615 3942 causis,
629 3891 699 3948 quas
712 3871 942 3937 commemoravi,
957 3869 1094 3926 Rhenum

348 3953 386 4010 5*

1270 3807 1282 3896 l
