2564 4422
463 351 571 403 moult
585 351 731 406 auxatia.

98 497 208 574 equites
222 497 259 554 ad
279 496 371 554 latera
383 495 516 572 disponit.-
557 495 695 557 Celeriter
715 495 814 564 nostri,
829 497 953 557 clamore
966 499 1086 568 sublato,

98 577 158 652 pila
178 576 208 634 in
222 577 319 634 hostes
340 574 505 632 immittunt.
547 573 603 646 Illi,
617 574 667 630 ubi
680 585 782 649 praeter
795 593 885 651 spem,
906 596 976 652 quos
989 579 1088 655 lugere

99 655 264 721 credebaut,
281 651 393 711 infestis
413 653 502 729 siguis
516 653 551 710 ad
572 671 603 709 se
624 651 666 710 ire
687 651 829 721 viderunt,
843 655 980 732 impetum
1000 656 1087 718 modd

98 734 171 790 serre
191 752 250 791 non
271 741 436 809 potuerunt,
458 749 492 788 ac
512 730 605 806 primo
625 725 768 790 concursu
787 733 818 792 iu
835 733 932 809 lugam
953 735 1085 811 conjecti,

96 812 240 888 proximas
253 810 347 887 sylvas
359 809 536 886 petiverunt:
557 828 628 884 quos
641 809 787 867 Labienus
799 812 927 886 equitatu
941 825 1087 872 consecta-
1119 818 1138 870 5

97 902 152 959 tus,
166 909 275 966 magno
285 883 405 947 numero
418 888 578 959 interfecto,
592 887 786 963 compluribus
795 889 896 966 captis,
909 891 1010 968 paucis
1023 890 1088 968 post

96 970 201 1028 diebus
212 968 357 1026 civitatem
366 965 491 1043 recepit:
512 985 581 1023 nam
591 966 739 1035 Germani,
750 967 798 1043 qui
810 969 915 1027 auxilio
924 970 1087 1039 veniebant,

95 1047 236 1124 percepti
257 1045 442 1104 Trevirorum
462 1044 541 1120 firgt,
559 1063 622 1102 sese
643 1045 759 1103 domum
780 1047 980 1116 contuleruut*
1012 1048 1089 1106 Cum

97 1125 136 1183 iis
158 1123 309 1201 propinqui
329 1122 527 1190 Indutiomari,
551 1122 600 1197 qui
621 1123 790 1182 defectionis
811 1137 942 1185 auctores
964 1127 1087 1197 fuerant,

96 1203 231 1262 comitati
252 1219 311 1269 eos,
335 1221 371 1260 ex
392 1201 505 1259 civitate
528 1200 687 1259 excessere.
736 1202 923 1280 Cingetorigi,
945 1225 1030 1282 quern
1051 1206 1088 1264 ab
1105 1208 1139 1262 to

96 1282 184 1340 initio
193 1281 384 1357 permansisse
398 1281 427 1338 in
437 1279 532 1338 officio
542 1280 806 1350 demonstravimus,
819 1282 996 1360 principatus
1005 1294 1088 1360 atque

96 1361 252 1438 imperium
264 1369 308 1416 est
322 1359 464 1418 traditum.

138 1439 194 1497 IX.
237 1438 345 1506 Caesar,
372 1449 522 1515 postquam
548 1457 585 1497 cx
611 1438 756 1516 Menapiis
782 1440 813 1499 in
839 1440 975 1501 Treviros
1001 1443 1088 1512 venit,

97 1519 212 1576 duabus
231 1519 268 1575 de
288 1517 383 1575 causis
404 1517 545 1575 Rhenum
565 1518 686 1576 transire
707 1519 869 1579 constituit:
890 1541 1010 1598 quarum
1028 1532 1090 1598 erat

97 1598 201 1664 altera,
215 1592 292 1671 qudd
315 1596 420 1654 auxilia
433 1607 534 1654 contra
556 1615 588 1654 se
608 1597 737 1655 Treviris
756 1597 911 1669 miseraut;
933 1601 1031 1669 altera,
1052 1593 1089 1658 rie
1106 1603 1139 1658 1⁵

96 1675 255 1736 Ambiorix
275 1675 310 1732 ad
330 1695 380 1733 eos
399 1686 547 1752 receptum
567 1676 693 1754 baberet.
736 1675 792 1732 llis
812 1678 973 1736 constitutis
993 1678 1088 1747 rebus,

63 1737 220 1832 Epaultm
234 1773 318 1829 supra
337 1773 403 1812 eum
417 1754 523 1822 locum,
537 1746 594 1829 qbo
616 1752 684 1812 ante
702 1754 859 1812 exercitum
880 1756 1089 1824 transduxerat,

95 1833 197 1893 facere
209 1843 324 1910 pontem
338 1833 469 1892 instituit
511 1833 590 1891 Nota
604 1844 687 1910 atque
708 1831 837 1891 instituti
850 1833 970 1903 ratione,
985 1852 1090 1910 magno

96 1913 222 1972 militurn
240 1912 344 1980 studio,
355 1912 459 1989 paucis.
473 1911 576 1970 diebus
597 1931 668 1989 opus
681 1911 811 1970 efficitur.
853 1911 951 1970 Firmo
972 1911 1002 1969 in
1016 1910 1091 1969 Tre-

96 1991 167 2050 viris
179 1993 311 2069 praesidio
331 1993 367 2049 ad
388 2002 504 2068 pontem
524 1991 634 2060 relicto,
649 2009 686 2049 ne
699 1991 763 2067 quis
783 1991 820 2049 ab
833 1989 869 2048 iis
881 1988 977 2048 subitd
996 2001 1090 2048 motus
1104 1995 1158 2050 20'

96 2072 229 2139 oriretur,
241 2072 367 2148 reliquas
387 2070 485 2147 copias
504 2070 717 2146 equitatumque
733 2069 900 2129 transducit.
941 2069 1019 2138 Ubii,
1040 2070 1090 2145 qui

97 2149 169 2208 ante
181 2151 296 2210 obsides
305 2151 455 2216 dederant,
468 2161 552 2226 atque
563 2149 593 2207 iu
604 2150 778 2208 deditionem
789 2159 936 2218 venerant,
947 2149 1089 2226 purgandi

96 2229 143 2288 sui
162 2230 251 2287 causti
272 2231 394 2288 adeum
414 2227 530 2304 legatos
544 2229 670 2297 mittunt,
688 2229 738 2305 qui
758 2231 891 2298 doceant,
913 2229 1033 2306 ‘Neque
1053 2247 1091 2288 ex

97 2307 150 2366 sua
173 2306 288 2365 civitate
315 2306 422 2364 auxilia
442 2305 473 2362 in
496 2304 632 2364 Treviros
658 2309 755 2374 missa,
776 2327 870 2382 usque
891 2308 928 2364 ab
949 2327 979 2366 se
1003 2309 1089 2376 fidem

96 2385 198 2444 lesam
208 2386 223 2441 ε’
244 2395 345 2460 petunt
359 2393 444 2459 atque
453 2393 546 2451 orant,
559 2383 616 2441 ‘Ut
627 2383 683 2440 sibi
693 2395 805 2459 parcatr
817 2404 854 2442 ne
867 2386 1013 2443 communi
1023 2386 1090 2446 odio
1105 2389 1141 2442 25

97 2465 309 2524 Germanorum
330 2462 500 2520 innocentes
520 2480 571 2538 pro
591 2462 763 2520 nocentibus
771 2481 883 2542 poenas
900 2463 1044 2538 pendenti
1064 2465 1089 2522 si

98 2541 225 2619 ampliirs
244 2542 376 2600 obsidum
396 2540 474 2607 velit,
490 2541 575 2598 dare'
595 2535 773 2616 pollicentur.
823 2539 959 2614 cogniti,
980 2535 1088 2609 Cae‘sar,

97 2622 202 2689 causi,
220 2621 333 2697 reperit,
353 2620 389 2678 ab
411 2619 514 2676 Suerie
535 2618 641 2677 auxilia
655 2618 743 2676 missa
762 2637 835 2685 esse,
850 2616 988 2676 Ubiorum
1009 2617 1090 2674 satis-

98 2699 256 2760 factionem
271 2698 393 2775 accepit,
405 2696 499 2756 aditus
512 2698 632 2772 viasque
643 2697 672 2755 in
688 2697 797 2756 Suevos
809 2695 970 2773 perquisiti
1046 2715 1049 2730 ¹
1067 2703 1073 2724 ‘

137 2778 178 2837 X.
221 2778 341 2839 Interim
354 2776 456 2854 paucis
465 2775 530 2853 pdst
543 2777 645 2834 diebus
658 2776 690 2834 lit
711 2777 747 2834 ab
760 2775 843 2834 Ubiis
853 2775 966 2844 certior,
982 2775 1090 2834 Suevos
1105 2777 1141 2834 30

97 2877 200 2916 omues
219 2866 311 2914 unum
332 2856 479 2916 inlocum
502 2856 600 2932 copias
620 2875 733 2938 cpgere,
756 2866 839 2932 atque
861 2855 896 2914 iis
916 2855 1089 2924 nationibus,

98 2956 162 3012 quae
176 2938 231 2994 sub
244 2955 344 2994 eorum
358 2934 557 3017 sintimperio,
571 2933 758 3003 denubciare,
773 2933 815 2992 uti
829 2935 936 2992 auxilia
947 2933 1091 3011 peditatus

98 3016 301 3091 equitatusque
315 3009 437 3072 mittant'.
480 3013 536 3071 His
556 3015 680 3089 cognitis
692 3015 787 3082 rebus,
801 3033 862 3070 rem
876 3013 1091 3072 frumentariam

97 3095 239 3170 providet,
264 3093 365 3152 castris
388 3092 524 3151 idoneum
550 3093 646 3151 locum
669 3092 779 3170 deligit,
803 3091 886 3152 Ubiis
906 3091 1036 3170 imperat,
1059 3103 1092 3150 ut

98 3193 204 3250 pecora
218 3173 374 3240 deducant,
389 3190 497 3246 suaque
514 3171 613 3230 omnia
630 3191 666 3230 ex
680 3171 756 3249 agris
769 3173 799 3232 in
810 3173 917 3249 oppida
933 3173 1090 3239 conferant,
1106 3173 1141 3230 35

98 3271 229 3328 sperans,
245 3251 380 3309 barbaros
394 3261 478 3326 atque
497 3251 642 3327 imperitos
654 3252 795 3319 homines,
810 3251 907 3327 inopiis
921 3251 1092 3308 cibariorum

100 3331 232 3398 afflictos,
258 3331 295 3388 ad
321 3329 449 3405 iniquam
475 3329 624 3406 pugnandi
645 3330 839 3396 conditionem
864 3347 945 3404 posse
966 3325 1090 3384 deducit

98 3411 229 3478 mandat,
252 3407 420 3484 utsscrebros
441 3408 631 3484 exploratores
654 3409 685 3467 in
700 3410 808 3467 Suevos
829 3406 951 3471 mittant,
972 3423 1092 3481 quaque

99 3490 178 3564 apud
203 3507 254 3546 eos
280 3479 427 3564 gerantur,
451 3497 634 3564 cognoscant.
683 3487 730 3545 Illi
749 3487 894 3563 ,imperata
917 3484 946 3542 sa
964 3483 1037 3552 iunt,
1063 3495 1095 3544 et

97 3567 202 3643 paucis
212 3566 497 3702 diebupintermissis
505 3567 640 3635 referunt,
653 3557 777 3624 ‘Suedas
790 3581 899 3630 omues,
960 3574 1093 3646 tauquam
1108 3567 1143 3622 ll)

76 3673 80 3678 ·
98 3644 238 3703 certiores
250 3665 291 3702 nu
313 3645 352 3702 cii
366 3646 402 3702 de
415 3645 545 3704 exercita
558 3645 756 3704 Romanorum
769 3641 908 3711 verrerint,
923 3662 989 3701 cum
1003 3642 1093 3702 omni·

98 3725 158 3782 bus
184 3725 243 3782 suis
269 3723 606 3810 sociorumquemoopiis,
619 3743 690 3800 quas
716 3719 889 3796 coegissent,
915 3723 1030 3799 penitus
1056 3719 1093 3778 ad

96 3813 245 3874 extremos
257 3802 332 3864 lines
344 3821 407 3863 sese
421 3803 580 3878 recepisse:
602 3803 709 3878 sylvam
722 3819 785 3860 esse
803 3798 843 3857 ibi
857 3800 970 3860 infiniti
983 3796 1093 3872 magni-

98 3882 213 3950 tudine,
235 3900 298 3960 qute
321 3881 478 3960 appellatur
501 3881 641 3942 Batanis:
671 3880 747 3939 hauc
767 3878 854 3957 longe
875 3879 1017 3938 introrsus·
1030 3879 1122 3949 per-q
