<?xml version="1.0" encoding="UTF-8"?>
<!DOCTYPE html PUBLIC "-//W3C//DTD XHTML 1.0 Transitional//EN"
    "http://www.w3.org/TR/xhtml1/DTD/xhtml1-transitional.dtd">
<html xmlns="http://www.w3.org/1999/xhtml" xml:lang="en" lang="en">
 <head>
  <title>
</title>
<meta http-equiv="Content-Type" content="text/html;charset=utf-8" />
  <meta name='ocr-system' content='tesseract 3.04.00' />
  <meta name='ocr-capabilities' content='ocr_page ocr_carea ocr_par ocr_line ocrx_word'/>
</head>
<body>
  <div class='ocr_page' id='page_1' title='image "./commentariidebe00levegoog_0157.png"; bbox 0 0 2562 4412; ppageno 0'>
   <div class='ocr_carea' id='block_1_1' title="bbox 139 349 863 414">
    <p class='ocr_par' dir='ltr' id='par_1_1' title="bbox 139 349 863 414">
     <span class='ocr_line' id='line_1_1' title="bbox 139 349 863 414; baseline -0.003 -12"><span class='ocrx_word' id='word_1_1' title='bbox 139 355 197 414; x_wconf 70' lang='lat' dir='ltr'><strong>lffl</strong></span> <span class='ocrx_word' id='word_1_2' title='bbox 505 351 554 401; x_wconf 79' lang='lat' dir='ltr'><strong>DD</strong></span> <span class='ocrx_word' id='word_1_3' title='bbox 570 349 687 402; x_wconf 73' lang='lat' dir='ltr'><strong>uuum</strong></span> <span class='ocrx_word' id='word_1_4' title='bbox 704 349 863 402; x_wconf 68' lang='lat' dir='ltr'><strong>subulco</strong></span> 
     </span>
    </p>
   </div>
   <div class='ocr_carea' id='block_1_2' title="bbox 90 493 1179 4016">
    <p class='ocr_par' dir='ltr' id='par_1_2' title="bbox 90 493 1179 3962">
     <span class='ocr_line' id='line_1_2' title="bbox 187 493 1177 569; baseline 0.002 -15"><span class='ocrx_word' id='word_1_5' title='bbox 187 494 364 554; x_wconf 81' lang='lat' dir='ltr'><strong>rnmmittere</strong></span> <span class='ocrx_word' id='word_1_6' title='bbox 378 495 517 565; x_wconf 76' lang='lat' dir='ltr'><strong>auderet3</strong></span> <span class='ocrx_word' id='word_1_7' title='bbox 537 507 631 554; x_wconf 89' lang='lat' dir='ltr'><strong>castra</strong></span> <span class='ocrx_word' id='word_1_8' title='bbox 651 493 762 552; x_wconf 89' lang='lat' dir='ltr'><strong>munito</strong></span> <span class='ocrx_word' id='word_1_9' title='bbox 774 493 838 551; x_wconf 88' lang='lat' dir='ltr'><strong>loco</strong></span> <span class='ocrx_word' id='word_1_10' title='bbox 850 493 952 569; x_wconf 84' lang='lat' dir='ltr'><strong>posuit.</strong></span> <span class='ocrx_word' id='word_1_11' title='bbox 994 494 1177 565; x_wconf 84' lang='lat' dir='ltr'><strong>Dumnacus,</strong></span> 
     </span>
     <span class='ocr_line' id='line_1_3' title="bbox 187 571 1179 650; baseline 0.003 -19"><span class='ocrx_word' id='word_1_12' title='bbox 187 592 274 650; x_wconf 90' lang='lat' dir='ltr'><strong>quum</strong></span> <span class='ocrx_word' id='word_1_13' title='bbox 298 573 523 650; x_wconf 88' lang='lat' dir='ltr'><strong>appropinquare</strong></span> <span class='ocrx_word' id='word_1_14' title='bbox 543 573 700 632; x_wconf 88' lang='lat' dir='ltr'><strong>Caninium</strong></span> <span class='ocrx_word' id='word_1_15' title='bbox 720 571 910 648; x_wconf 81' lang='lat' dir='ltr'><strong>cognovisset,</strong></span> <span class='ocrx_word' id='word_1_16' title='bbox 929 573 1020 649; x_wconf 89' lang='lat' dir='ltr'><strong>copiis</strong></span> <span class='ocrx_word' id='word_1_17' title='bbox 1043 575 1179 634; x_wconf 90' lang='lat' dir='ltr'><strong>omnibus</strong></span> 
     </span>
     <span class='ocr_line' id='line_1_4' title="bbox 188 651 1177 728; baseline 0.002 -18"><span class='ocrx_word' id='word_1_18' title='bbox 188 654 224 710; x_wconf 90' lang='lat' dir='ltr'><strong>ad</strong></span> <span class='ocrx_word' id='word_1_19' title='bbox 237 652 365 728; x_wconf 76' lang='lat' dir='ltr'><strong>legiones</strong></span> <span class='ocrx_word' id='word_1_20' title='bbox 378 653 532 721; x_wconf 86' lang='lat' dir='ltr'><strong>conversis,</strong></span> <span class='ocrx_word' id='word_1_21' title='bbox 547 662 642 710; x_wconf 87' lang='lat' dir='ltr'><strong>castra</strong></span> <span class='ocrx_word' id='word_1_22' title='bbox 652 651 851 708; x_wconf 87' lang='lat' dir='ltr'><strong>Romanorum</strong></span> <span class='ocrx_word' id='word_1_23' title='bbox 864 669 1031 727; x_wconf 76' lang='lat' dir='ltr'><strong>oppugnare</strong></span> <span class='ocrx_word' id='word_1_24' title='bbox 1045 653 1177 712; x_wconf 78' lang='lat' dir='ltr'><strong>instituit</strong></span> 
     </span>
     <span class='ocr_line' id='line_1_5' title="bbox 186 729 1176 807; baseline 0.003 -19"><span class='ocrx_word' id='word_1_25' title='bbox 186 732 301 794; x_wconf 79' lang='lat' dir='ltr'><strong>Quum</strong></span> <span class='ocrx_word' id='word_1_26' title='bbox 311 731 471 807; x_wconf 83' lang='lat' dir='ltr'><strong>complures</strong></span> <span class='ocrx_word' id='word_1_27' title='bbox 494 731 589 788; x_wconf 91' lang='lat' dir='ltr'><strong>dies</strong></span> <span class='ocrx_word' id='word_1_28' title='bbox 581 751 612 790; x_wconf 96' lang='grc' dir='ltr'><strong>ιιι</strong></span> <span class='ocrx_word' id='word_1_29' title='bbox 637 729 850 806; x_wconf 82' lang='lat' dir='ltr'><strong>oppugnatione</strong></span> <span class='ocrx_word' id='word_1_30' title='bbox 877 731 1112 806; x_wconf 76' lang='lat' dir='ltr'><strong>consumpsisset,</strong></span> <span class='ocrx_word' id='word_1_31' title='bbox 1139 745 1176 802; x_wconf 89' lang='lat' dir='ltr'><strong>et,</strong></span> 
     </span>
     <span class='ocr_line' id='line_1_6' title="bbox 154 809 1179 890; baseline 0 -20"><span class='ocrx_word' id='word_1_32' title='bbox 154 817 293 886; x_wconf 76' lang='lat' dir='ltr'><strong>bmagno</strong></span> <span class='ocrx_word' id='word_1_33' title='bbox 305 829 420 869; x_wconf 87' lang='lat' dir='ltr'><strong>suorum</strong></span> <span class='ocrx_word' id='word_1_34' title='bbox 439 810 619 878; x_wconf 87' lang='lat' dir='ltr'><strong>detrimento,</strong></span> <span class='ocrx_word' id='word_1_35' title='bbox 641 809 748 867; x_wconf 92' lang='lat' dir='ltr'><strong>nullam</strong></span> <span class='ocrx_word' id='word_1_36' title='bbox 769 819 879 890; x_wconf 82' lang='lat' dir='ltr'><strong>partem</strong></span> <span class='ocrx_word' id='word_1_37' title='bbox 897 809 1091 868; x_wconf 88' lang='lat' dir='ltr'><strong>munitionum</strong></span> <span class='ocrx_word' id='word_1_38' title='bbox 1112 831 1179 870; x_wconf 88' lang='lat' dir='ltr'><strong>oon-</strong></span> 
     </span>
     <span class='ocr_line' id='line_1_7' title="bbox 189 884 1088 966; baseline 0.001 -20"><span class='ocrx_word' id='word_1_39' title='bbox 189 889 291 948; x_wconf 85' lang='lat' dir='ltr'><strong>vellere</strong></span> <span class='ocrx_word' id='word_1_40' title='bbox 304 890 451 966; x_wconf 88' lang='lat' dir='ltr'><strong>potuisset,</strong></span> <span class='ocrx_word' id='word_1_41' title='bbox 466 909 563 946; x_wconf 87' lang='lat' dir='ltr'><strong>rursus</strong></span> <span class='ocrx_word' id='word_1_42' title='bbox 578 891 613 947; x_wconf 91' lang='lat' dir='ltr'><strong>ad</strong></span> <span class='ocrx_word' id='word_1_43' title='bbox 626 884 818 946; x_wconf 86' lang='lat' dir='ltr'><strong>obsidendum</strong></span> <span class='ocrx_word' id='word_1_44' title='bbox 831 885 992 945; x_wconf 85' lang='lat' dir='ltr'><strong>Lemonum</strong></span> <span class='ocrx_word' id='word_1_45' title='bbox 1005 889 1088 947; x_wconf 90' lang='lat' dir='ltr'><strong>redit.</strong></span> 
     </span>
     <span class='ocr_line' id='line_1_8' title="bbox 227 965 1177 1056; baseline 0 -30"><span class='ocrx_word' id='word_1_46' title='bbox 227 968 359 1027; x_wconf 88' lang='lat' dir='ltr'>XXVII.</span> <span class='ocrx_word' id='word_1_47' title='bbox 401 969 511 1026; x_wconf 83' lang='lat' dir='ltr'><strong>Eodem</strong></span> <span class='ocrx_word' id='word_1_48' title='bbox 535 966 716 1056; x_wconf 86' lang='lat' dir='ltr'><strong>temporeC.</strong></span> <span class='ocrx_word' id='word_1_49' title='bbox 745 965 853 1023; x_wconf 89' lang='lat' dir='ltr'><strong>Fabius</strong></span> <span class='ocrx_word' id='word_1_50' title='bbox 879 967 992 1042; x_wconf 85' lang='lat' dir='ltr'><strong>legatus</strong></span> <span class='ocrx_word' id='word_1_51' title='bbox 1018 969 1177 1045; x_wconf 88' lang='lat' dir='ltr'><strong>complures</strong></span> 
     </span>
     <span class='ocr_line' id='line_1_9' title="bbox 124 1043 1176 1124; baseline 0.002 -19"><span class='ocrx_word' id='word_1_52' title='bbox 124 1043 126 1046; x_wconf 66' lang='grc'><strong>’</strong></span> <span class='ocrx_word' id='word_1_53' title='bbox 189 1047 318 1106; x_wconf 88' lang='lat' dir='ltr'><strong>civitates</strong></span> <span class='ocrx_word' id='word_1_54' title='bbox 331 1047 361 1104; x_wconf 92' lang='lat' dir='ltr'><strong>in</strong></span> <span class='ocrx_word' id='word_1_55' title='bbox 375 1047 461 1104; x_wconf 84' lang='lat' dir='ltr'><strong>fidem</strong></span> <span class='ocrx_word' id='word_1_56' title='bbox 475 1047 586 1124; x_wconf 90' lang='lat' dir='ltr'><strong>recipit,</strong></span> <span class='ocrx_word' id='word_1_57' title='bbox 601 1045 749 1104; x_wconf 88' lang='lat' dir='ltr'><strong>obsidibus</strong></span> <span class='ocrx_word' id='word_1_58' title='bbox 761 1045 866 1112; x_wconf 86' lang='lat' dir='ltr'><strong>firmat,</strong></span> <span class='ocrx_word' id='word_1_59' title='bbox 880 1045 1026 1120; x_wconf 78' lang='lat' dir='ltr'><strong>literisque</strong></span> <span class='ocrx_word' id='word_1_60' title='bbox 1040 1047 1076 1104; x_wconf 84' lang='lat' dir='ltr'><strong>C.</strong></span> <span class='ocrx_word' id='word_1_61' title='bbox 1092 1048 1176 1106; x_wconf 90' lang='lat' dir='ltr'><strong>Cani-</strong></span> 
     </span>
     <span class='ocr_line' id='line_1_10' title="bbox 188 1124 1175 1202; baseline 0 -18"><span class='ocrx_word' id='word_1_62' title='bbox 188 1127 230 1184; x_wconf 91' lang='lat' dir='ltr'><strong>nii</strong></span> <span class='ocrx_word' id='word_1_63' title='bbox 252 1127 283 1184; x_wconf 91' lang='lat' dir='ltr'><strong>fit</strong></span> <span class='ocrx_word' id='word_1_64' title='bbox 303 1125 416 1193; x_wconf 79' lang='lat' dir='ltr'><strong>certior,</strong></span> <span class='ocrx_word' id='word_1_65' title='bbox 430 1145 494 1202; x_wconf 80' lang='lat' dir='ltr'><strong>qnae</strong></span> <span class='ocrx_word' id='word_1_66' title='bbox 518 1127 548 1184; x_wconf 90' lang='lat' dir='ltr'><strong>in</strong></span> <span class='ocrx_word' id='word_1_67' title='bbox 572 1125 740 1196; x_wconf 80' lang='lat' dir='ltr'><strong>Pictonibus</strong></span> <span class='ocrx_word' id='word_1_68' title='bbox 762 1134 906 1200; x_wconf 88' lang='lat' dir='ltr'><strong>gerantur.</strong></span> <span class='ocrx_word' id='word_1_69' title='bbox 954 1124 1074 1186; x_wconf 80' lang='lat' dir='ltr'><strong>Quibus</strong></span> <span class='ocrx_word' id='word_1_70' title='bbox 1093 1128 1175 1184; x_wconf 89' lang='lat' dir='ltr'><strong>rebus</strong></span> 
     </span>
     <span class='ocr_line' id='line_1_11' title="bbox 137 1202 1176 1282; baseline 0 -18"><span class='ocrx_word' id='word_1_71' title='bbox 137 1211 174 1264; x_wconf 86' lang='grc'><strong>10</strong></span> <span class='ocrx_word' id='word_1_72' title='bbox 189 1205 321 1282; x_wconf 88' lang='lat' dir='ltr'><strong>cognitis,</strong></span> <span class='ocrx_word' id='word_1_73' title='bbox 345 1204 534 1282; x_wconf 88' lang='lat' dir='ltr'><strong>proficiscitur</strong></span> <span class='ocrx_word' id='word_1_74' title='bbox 556 1206 593 1262; x_wconf 88' lang='lat' dir='ltr'><strong>ad</strong></span> <span class='ocrx_word' id='word_1_75' title='bbox 616 1203 753 1263; x_wconf 83' lang='lat' dir='ltr'><strong>auxilium</strong></span> <span class='ocrx_word' id='word_1_76' title='bbox 784 1202 905 1261; x_wconf 83' lang='lat' dir='ltr'><strong>Duratio</strong></span> <span class='ocrx_word' id='word_1_77' title='bbox 932 1204 1092 1262; x_wconf 86' lang='lat' dir='ltr'><strong>ferendum.</strong></span> <span class='ocrx_word' id='word_1_78' title='bbox 1139 1206 1176 1264; x_wconf 77' lang='lat' dir='ltr'><strong>At</strong></span> 
     </span>
     <span class='ocr_line' id='line_1_12' title="bbox 189 1282 1176 1359; baseline 0.001 -18"><span class='ocrx_word' id='word_1_79' title='bbox 189 1284 367 1353; x_wconf 82' lang='lat' dir='ltr'><strong>Dumnacus,</strong></span> <span class='ocrx_word' id='word_1_80' title='bbox 383 1287 507 1344; x_wconf 86' lang='lat' dir='ltr'><strong>adventu</strong></span> <span class='ocrx_word' id='word_1_81' title='bbox 521 1284 605 1342; x_wconf 85' lang='lat' dir='ltr'><strong>Fabii</strong></span> <span class='ocrx_word' id='word_1_82' title='bbox 619 1282 744 1359; x_wconf 88' lang='lat' dir='ltr'><strong>cognito,</strong></span> <span class='ocrx_word' id='word_1_83' title='bbox 759 1282 909 1358; x_wconf 88' lang='lat' dir='ltr'><strong>desperata</strong></span> <span class='ocrx_word' id='word_1_84' title='bbox 923 1282 1024 1350; x_wconf 89' lang='lat' dir='ltr'><strong>salute,</strong></span> <span class='ocrx_word' id='word_1_85' title='bbox 1036 1283 1176 1348; x_wconf 59' lang='lat' dir='ltr'><strong>§eodem</strong></span> 
     </span>
     <span class='ocr_line' id='line_1_13' title="bbox 188 1361 1177 1440; baseline 0 -20"><span class='ocrx_word' id='word_1_86' title='bbox 188 1373 314 1440; x_wconf 87' lang='lat' dir='ltr'><strong>tempore</strong></span> <span class='ocrx_word' id='word_1_87' title='bbox 332 1374 450 1422; x_wconf 87' lang='lat' dir='ltr'><strong>coactus</strong></span> <span class='ocrx_word' id='word_1_88' title='bbox 464 1375 540 1422; x_wconf 88' lang='lat' dir='ltr'><strong>esset</strong></span> <span class='ocrx_word' id='word_1_89' title='bbox 557 1373 589 1420; x_wconf 89' lang='lat' dir='ltr'><strong>et</strong></span> <span class='ocrx_word' id='word_1_90' title='bbox 607 1363 773 1419; x_wconf 86' lang='lat' dir='ltr'><strong>Romanurn</strong></span> <span class='ocrx_word' id='word_1_91' title='bbox 787 1372 936 1418; x_wconf 85' lang='lat' dir='ltr'><strong>externum</strong></span> <span class='ocrx_word' id='word_1_92' title='bbox 960 1361 1100 1420; x_wconf 88' lang='lat' dir='ltr'><strong>sustinere</strong></span> <span class='ocrx_word' id='word_1_93' title='bbox 1117 1364 1177 1420; x_wconf 90' lang='lat' dir='ltr'><strong>hos·</strong></span> 
     </span>
     <span class='ocr_line' id='line_1_14' title="bbox 189 1437 1177 1517; baseline 0.002 -19"><span class='ocrx_word' id='word_1_94' title='bbox 189 1451 256 1508; x_wconf 91' lang='lat' dir='ltr'><strong>tem,</strong></span> <span class='ocrx_word' id='word_1_95' title='bbox 270 1454 300 1500; x_wconf 90' lang='lat' dir='ltr'><strong>et</strong></span> <span class='ocrx_word' id='word_1_96' title='bbox 313 1442 453 1517; x_wconf 86' lang='lat' dir='ltr'><strong>respicere</strong></span> <span class='ocrx_word' id='word_1_97' title='bbox 469 1460 503 1499; x_wconf 89' lang='lat' dir='ltr'><strong>ac</strong></span> <span class='ocrx_word' id='word_1_98' title='bbox 513 1441 614 1498; x_wconf 89' lang='lat' dir='ltr'><strong>timere</strong></span> <span class='ocrx_word' id='word_1_99' title='bbox 626 1439 793 1516; x_wconf 86' lang='lat' dir='ltr'><strong>oppidanos,</strong></span> <span class='ocrx_word' id='word_1_100' title='bbox 808 1437 926 1516; x_wconf 87' lang='lat' dir='ltr'><strong>repente</strong></span> <span class='ocrx_word' id='word_1_101' title='bbox 940 1459 975 1497; x_wconf 85' lang='lat' dir='ltr'><strong>ex</strong></span> <span class='ocrx_word' id='word_1_102' title='bbox 985 1459 1019 1497; x_wconf 88' lang='lat' dir='ltr'><strong>eo</strong></span> <span class='ocrx_word' id='word_1_103' title='bbox 1031 1440 1097 1498; x_wconf 90' lang='lat' dir='ltr'><strong>loco</strong></span> <span class='ocrx_word' id='word_1_104' title='bbox 1109 1460 1177 1500; x_wconf 89' lang='lat' dir='ltr'><strong>oum</strong></span> 
     </span>
     <span class='ocr_line' id='line_1_15' title="bbox 189 1517 1176 1595; baseline 0.003 -18"><span class='ocrx_word' id='word_1_105' title='bbox 189 1519 279 1595; x_wconf 88' lang='lat' dir='ltr'><strong>oopiis</strong></span> <span class='ocrx_word' id='word_1_106' title='bbox 292 1520 417 1589; x_wconf 76' lang='lat' dir='ltr'><strong>recedit3</strong></span> <span class='ocrx_word' id='word_1_107' title='bbox 439 1539 495 1577; x_wconf 88' lang='lat' dir='ltr'><strong>uec</strong></span> <span class='ocrx_word' id='word_1_108' title='bbox 508 1539 539 1576; x_wconf 88' lang='lat' dir='ltr'><strong>se</strong></span> <span class='ocrx_word' id='word_1_109' title='bbox 553 1517 622 1578; x_wconf 88' lang='lat' dir='ltr'><strong>satis</strong></span> <span class='ocrx_word' id='word_1_110' title='bbox 635 1529 727 1576; x_wconf 90' lang='lat' dir='ltr'><strong>tutum</strong></span> <span class='ocrx_word' id='word_1_111' title='bbox 742 1519 802 1576; x_wconf 89' lang='lat' dir='ltr'><strong>sore</strong></span> <span class='ocrx_word' id='word_1_112' title='bbox 817 1518 978 1586; x_wconf 85' lang='lat' dir='ltr'><strong>arbitratur,</strong></span> <span class='ocrx_word' id='word_1_113' title='bbox 991 1519 1048 1576; x_wconf 90' lang='lat' dir='ltr'><strong>nisi</strong></span> <span class='ocrx_word' id='word_1_114' title='bbox 1068 1519 1176 1580; x_wconf 87' lang='lat' dir='ltr'><strong>flumen</strong></span> 
     </span>
     <span class='ocr_line' id='line_1_16' title="bbox 140 1597 1175 1687; baseline 0.003 -33"><span class='ocrx_word' id='word_1_115' title='bbox 140 1602 174 1654; x_wconf 90' lang='grc'><strong>15</strong></span> <span class='ocrx_word' id='word_1_116' title='bbox 189 1597 326 1674; x_wconf 89' lang='lat' dir='ltr'><strong>Ligerim,</strong></span> <span class='ocrx_word' id='word_1_117' title='bbox 335 1599 410 1674; x_wconf 93' lang='lat' dir='ltr'><strong>quod</strong></span> <span class='ocrx_word' id='word_1_118' title='bbox 424 1610 485 1657; x_wconf 91' lang='lat' dir='ltr'><strong>erat</strong></span> <span class='ocrx_word' id='word_1_119' title='bbox 498 1609 584 1675; x_wconf 89' lang='lat' dir='ltr'><strong>ponte</strong></span> <span class='ocrx_word' id='word_1_120' title='bbox 597 1609 710 1675; x_wconf 91' lang='lat' dir='ltr'><strong>propter</strong></span> <span class='ocrx_word' id='word_1_121' title='bbox 719 1597 948 1687; x_wconf 83' lang='lat' dir='ltr'><strong>magnitudinem</strong></span> <span class='ocrx_word' id='word_1_122' title='bbox 958 1600 1175 1668; x_wconf 86' lang='lat' dir='ltr'><strong>transeundum,</strong></span> 
     </span>
     <span class='ocr_line' id='line_1_17' title="bbox 189 1676 1176 1754; baseline 0.002 -20"><span class='ocrx_word' id='word_1_123' title='bbox 189 1676 286 1752; x_wconf 85' lang='lat' dir='ltr'><strong>copias</strong></span> <span class='ocrx_word' id='word_1_124' title='bbox 318 1678 498 1736; x_wconf 83' lang='lat' dir='ltr'><strong>traduxisset</strong></span> <span class='ocrx_word' id='word_1_125' title='bbox 552 1677 670 1745; x_wconf 85' lang='lat' dir='ltr'><strong>Fabius,</strong></span> <span class='ocrx_word' id='word_1_126' title='bbox 698 1676 752 1733; x_wconf 87' lang='lat' dir='ltr'><strong>etsi</strong></span> <span class='ocrx_word' id='word_1_127' title='bbox 778 1677 940 1735; x_wconf 89' lang='lat' dir='ltr'><strong>nondum</strong></span> <span class='ocrx_word' id='word_1_128' title='bbox 933 1696 964 1734; x_wconf 91' lang='grc' dir='ltr'><strong>ιιι</strong></span> <span class='ocrx_word' id='word_1_129' title='bbox 990 1688 1176 1754; x_wconf 85' lang='lat' dir='ltr'><strong>conspectum</strong></span> 
     </span>
     <span class='ocr_line' id='line_1_18' title="bbox 188 1755 1177 1847; baseline 0.004 -35"><span class='ocrx_word' id='word_1_130' title='bbox 188 1767 305 1815; x_wconf 88' lang='lat' dir='ltr'><strong>venerat</strong></span> <span class='ocrx_word' id='word_1_131' title='bbox 322 1757 459 1824; x_wconf 90' lang='lat' dir='ltr'><strong>hostibus,</strong></span> <span class='ocrx_word' id='word_1_132' title='bbox 474 1777 566 1847; x_wconf 81' lang='lat' dir='ltr'><strong>neque</strong></span> <span class='ocrx_word' id='word_1_133' title='bbox 587 1776 618 1814; x_wconf 92' lang='lat' dir='ltr'><strong>se</strong></span> <span class='ocrx_word' id='word_1_134' title='bbox 642 1774 709 1814; x_wconf 91' lang='lat' dir='ltr'><strong>cum</strong></span> <span class='ocrx_word' id='word_1_135' title='bbox 723 1755 848 1813; x_wconf 81' lang='lat' dir='ltr'><strong>Caninio</strong></span> <span class='ocrx_word' id='word_1_136' title='bbox 868 1755 1066 1832; x_wconf 87' lang='lat' dir='ltr'><strong>conjunxerat,</strong></span> <span class='ocrx_word' id='word_1_137' title='bbox 1081 1768 1177 1816; x_wconf 88' lang='lat' dir='ltr'><strong>tamen</strong></span> 
     </span>
     <span class='ocr_line' id='line_1_19' title="bbox 112 1835 1177 1912; baseline 0.002 -20"><span class='ocrx_word' id='word_1_138' title='bbox 112 1837 115 1844; x_wconf 79' lang='grc'><em>“</em></span> <span class='ocrx_word' id='word_1_139' title='bbox 188 1836 290 1894; x_wconf 90' lang='lat' dir='ltr'><strong>doctus</strong></span> <span class='ocrx_word' id='word_1_140' title='bbox 317 1836 394 1894; x_wconf 83' lang='lat' dir='ltr'><strong>ab&#39;‘</strong></span> <span class='ocrx_word' id='word_1_141' title='bbox 376 1856 421 1908; x_wconf 88' lang='lat' dir='ltr'><strong>ns,</strong></span> <span class='ocrx_word' id='word_1_142' title='bbox 444 1836 494 1912; x_wconf 94' lang='lat' dir='ltr'><strong>qui</strong></span> <span class='ocrx_word' id='word_1_143' title='bbox 517 1836 644 1894; x_wconf 90' lang='lat' dir='ltr'><strong>locorum</strong></span> <span class='ocrx_word' id='word_1_144' title='bbox 670 1844 808 1892; x_wconf 80' lang='lat' dir='ltr'><strong>noverant</strong></span> <span class='ocrx_word' id='word_1_145' title='bbox 834 1844 976 1901; x_wconf 85' lang='lat' dir='ltr'><strong>naturam,</strong></span> <span class='ocrx_word' id='word_1_146' title='bbox 999 1835 1177 1910; x_wconf 88' lang='lat' dir='ltr'><strong>potissimum</strong></span> 
     </span>
     <span class='ocr_line' id='line_1_20' title="bbox 90 1913 1177 1992; baseline 0.002 -20"><span class='ocrx_word' id='word_1_147' title='bbox 90 1923 99 1982; x_wconf 79' lang='grc'><strong>“,</strong></span> <span class='ocrx_word' id='word_1_148' title='bbox 188 1915 320 1982; x_wconf 87' lang='lat' dir='ltr'><strong>credidit,</strong></span> <span class='ocrx_word' id='word_1_149' title='bbox 335 1916 430 1973; x_wconf 88' lang='lat' dir='ltr'><strong>hostes</strong></span> <span class='ocrx_word' id='word_1_150' title='bbox 450 1917 612 1992; x_wconf 89' lang='lat' dir='ltr'><strong>perterritos</strong></span> <span class='ocrx_word' id='word_1_151' title='bbox 625 1933 691 1972; x_wconf 90' lang='lat' dir='ltr'><strong>eum</strong></span> <span class='ocrx_word' id='word_1_152' title='bbox 713 1913 818 1981; x_wconf 91' lang='lat' dir='ltr'><strong>locum,</strong></span> <span class='ocrx_word' id='word_1_153' title='bbox 832 1932 917 1989; x_wconf 90' lang='lat' dir='ltr'><strong>quem</strong></span> <span class='ocrx_word' id='word_1_154' title='bbox 930 1915 1056 1989; x_wconf 89' lang='lat' dir='ltr'><strong>petebat,</strong></span> <span class='ocrx_word' id='word_1_155' title='bbox 1078 1916 1177 1992; x_wconf 86' lang='lat' dir='ltr'><strong>petitu·</strong></span> 
     </span>
     <span class='ocr_line' id='line_1_21' title="bbox 136 1993 1177 2070; baseline 0.002 -20"><span class='ocrx_word' id='word_1_156' title='bbox 136 1994 242 2052; x_wconf 76' lang='lat' dir='ltr'><strong>turos.</strong></span> <span class='ocrx_word' id='word_1_157' title='bbox 285 1994 384 2070; x_wconf 86' lang='lat' dir='ltr'><strong>Itaque</strong></span> <span class='ocrx_word' id='word_1_158' title='bbox 406 2013 473 2052; x_wconf 90' lang='lat' dir='ltr'><strong>cum</strong></span> <span class='ocrx_word' id='word_1_159' title='bbox 486 1994 577 2070; x_wconf 91' lang='lat' dir='ltr'><strong>copiis</strong></span> <span class='ocrx_word' id='word_1_160' title='bbox 598 1993 771 2052; x_wconf 85' lang='lat' dir='ltr'><strong>adeundam</strong></span> <span class='ocrx_word' id='word_1_161' title='bbox 787 2003 909 2068; x_wconf 87' lang='lat' dir='ltr'><strong>pontem</strong></span> <span class='ocrx_word' id='word_1_162' title='bbox 922 1993 1081 2062; x_wconf 89' lang='lat' dir='ltr'><strong>contendit,</strong></span> <span class='ocrx_word' id='word_1_163' title='bbox 1103 1995 1177 2070; x_wconf 91' lang='lat' dir='ltr'><strong>equi-</strong></span> 
     </span>
     <span class='ocr_line' id='line_1_22' title="bbox 188 2071 1176 2149; baseline 0.002 -19"><span class='ocrx_word' id='word_1_164' title='bbox 188 2083 334 2148; x_wconf 88' lang='lat' dir='ltr'><strong>tatumque</strong></span> <span class='ocrx_word' id='word_1_165' title='bbox 355 2071 467 2131; x_wconf 81' lang='lat' dir='ltr'><strong>tantirm</strong></span> <span class='ocrx_word' id='word_1_166' title='bbox 484 2073 639 2148; x_wconf 89' lang='lat' dir='ltr'><strong>procedere</strong></span> <span class='ocrx_word' id='word_1_167' title='bbox 664 2083 730 2130; x_wconf 89' lang='lat' dir='ltr'><strong>ante</strong></span> <span class='ocrx_word' id='word_1_168' title='bbox 752 2090 854 2147; x_wconf 86' lang='lat' dir='ltr'><strong>agmen</strong></span> <span class='ocrx_word' id='word_1_169' title='bbox 879 2071 1001 2148; x_wconf 89' lang='lat' dir='ltr'><strong>imperat</strong></span> <span class='ocrx_word' id='word_1_170' title='bbox 1020 2072 1176 2149; x_wconf 87' lang='lat' dir='ltr'><strong>legionum,</strong></span> 
     </span>
     <span class='ocr_line' id='line_1_23' title="bbox 187 2150 1176 2243; baseline 0.003 -35"><span class='ocrx_word' id='word_1_171' title='bbox 187 2150 326 2226; x_wconf 74' lang='lat' dir='ltr'><strong>quantiam</strong></span> <span class='ocrx_word' id='word_1_172' title='bbox 347 2171 435 2226; x_wconf 91' lang='lat' dir='ltr'><strong>quum</strong></span> <span class='ocrx_word' id='word_1_173' title='bbox 457 2151 651 2226; x_wconf 86' lang='lat' dir='ltr'><strong>processisset,</strong></span> <span class='ocrx_word' id='word_1_174' title='bbox 675 2151 737 2208; x_wconf 91' lang='lat' dir='ltr'><strong>sine</strong></span> <span class='ocrx_word' id='word_1_175' title='bbox 761 2150 965 2239; x_wconf 80' lang='lat' dir='ltr'><strong>defatigatione</strong></span> <span class='ocrx_word' id='word_1_176' title='bbox 987 2163 1127 2243; x_wconf 82' lang='lat' dir='ltr'><strong>equorum</strong></span> <span class='ocrx_word' id='word_1_177' title='bbox 1150 2154 1176 2212; x_wconf 88' lang='grc' dir='ltr'><strong>ιιι</strong></span> 
     </span>
     <span class='ocr_line' id='line_1_24' title="bbox 187 2228 1177 2304; baseline 0.005 -19"><span class='ocrx_word' id='word_1_178' title='bbox 187 2230 289 2286; x_wconf 89' lang='lat' dir='ltr'><strong>eadem</strong></span> <span class='ocrx_word' id='word_1_179' title='bbox 302 2247 333 2304; x_wconf 85' lang='lat' dir='ltr'><strong>se</strong></span> <span class='ocrx_word' id='word_1_180' title='bbox 354 2229 494 2303; x_wconf 84' lang='lat' dir='ltr'><strong>reciperet</strong></span> <span class='ocrx_word' id='word_1_181' title='bbox 506 2239 608 2286; x_wconf 88' lang='lat' dir='ltr'><strong>castra.</strong></span> <span class='ocrx_word' id='word_1_182' title='bbox 658 2229 879 2303; x_wconf 73' lang='lat' dir='ltr'><strong>consequuntur</strong></span> <span class='ocrx_word' id='word_1_183' title='bbox 900 2228 1011 2304; x_wconf 89' lang='lat' dir='ltr'><strong>equites</strong></span> <span class='ocrx_word' id='word_1_184' title='bbox 1034 2232 1135 2300; x_wconf 90' lang='lat' dir='ltr'><strong>nostri,</strong></span> <span class='ocrx_word' id='word_1_185' title='bbox 1148 2243 1177 2289; x_wconf 90' lang='lat' dir='ltr'><strong>ut</strong></span> 
     </span>
     <span class='ocr_line' id='line_1_25' title="bbox 187 2307 1177 2397; baseline 0.004 -33"><span class='ocrx_word' id='word_1_186' title='bbox 187 2317 249 2364; x_wconf 87' lang='lat' dir='ltr'><strong>erat</strong></span> <span class='ocrx_word' id='word_1_187' title='bbox 261 2316 445 2396; x_wconf 79' lang='lat' dir='ltr'><strong>preceptum,</strong></span> <span class='ocrx_word' id='word_1_188' title='bbox 460 2307 653 2397; x_wconf 81' lang='lat' dir='ltr'><strong>invaduntque</strong></span> <span class='ocrx_word' id='word_1_189' title='bbox 674 2307 820 2364; x_wconf 78' lang='lat' dir='ltr'><strong>Dumnaci</strong></span> <span class='ocrx_word' id='word_1_190' title='bbox 839 2327 962 2383; x_wconf 89' lang='lat' dir='ltr'><strong>agmen:</strong></span> <span class='ocrx_word' id='word_1_191' title='bbox 982 2320 1013 2366; x_wconf 90' lang='lat' dir='ltr'><strong>et</strong></span> <span class='ocrx_word' id='word_1_192' title='bbox 1038 2311 1177 2386; x_wconf 81' lang='lat' dir='ltr'><strong>fugientes</strong></span> 
     </span>
     <span class='ocr_line' id='line_1_26' title="bbox 134 2385 1174 2484; baseline 0.005 -42"><span class='ocrx_word' id='word_1_193' title='bbox 134 2385 172 2442; x_wconf 66' lang='lat' dir='ltr'><strong>Db</strong></span> <span class='ocrx_word' id='word_1_194' title='bbox 187 2385 405 2462; x_wconf 84' lang='lat' dir='ltr'><strong>perterritosque</strong></span> <span class='ocrx_word' id='word_1_195' title='bbox 418 2387 472 2444; x_wconf 87' lang='lat' dir='ltr'><strong>sub</strong></span> <span class='ocrx_word' id='word_1_196' title='bbox 493 2386 614 2444; x_wconf 84' lang='lat' dir='ltr'><strong>sarcinis</strong></span> <span class='ocrx_word' id='word_1_197' title='bbox 627 2385 658 2444; x_wconf 92' lang='lat' dir='ltr'><strong>in</strong></span> <span class='ocrx_word' id='word_1_198' title='bbox 672 2386 773 2445; x_wconf 87' lang='lat' dir='ltr'><strong>itinere</strong></span> <span class='ocrx_word' id='word_1_199' title='bbox 788 2386 924 2462; x_wconf 83' lang='lat' dir='ltr'><strong>aggressi,</strong></span> <span class='ocrx_word' id='word_1_200' title='bbox 943 2389 1051 2484; x_wconf 76' lang='lat' dir='ltr'><strong>magna</strong></span> <span class='ocrx_word' id='word_1_201' title='bbox 1072 2389 1174 2480; x_wconf 65' lang='lat' dir='ltr'><strong>predi,</strong></span> 
     </span>
     <span class='ocr_line' id='line_1_27' title="bbox 187 2463 1175 2554; baseline 0.005 -32"><span class='ocrx_word' id='word_1_202' title='bbox 187 2463 284 2554; x_wconf 83' lang='lat' dir='ltr'><strong>multis</strong></span> <span class='ocrx_word' id='word_1_203' title='bbox 297 2465 462 2534; x_wconf 85' lang='lat' dir='ltr'><strong>interfectis,</strong></span> <span class='ocrx_word' id='word_1_204' title='bbox 477 2465 631 2542; x_wconf 90' lang='lat' dir='ltr'><strong>potiuntur.</strong></span> <span class='ocrx_word' id='word_1_205' title='bbox 673 2464 729 2533; x_wconf 91' lang='lat' dir='ltr'><strong>Ita,</strong></span> <span class='ocrx_word' id='word_1_206' title='bbox 743 2484 774 2522; x_wconf 88' lang='lat' dir='ltr'><strong>re</strong></span> <span class='ocrx_word' id='word_1_207' title='bbox 795 2465 869 2536; x_wconf 90' lang='lat' dir='ltr'><strong>bene</strong></span> <span class='ocrx_word' id='word_1_208' title='bbox 883 2465 973 2541; x_wconf 73' lang='lat' dir='ltr'><strong>gesta,</strong></span> <span class='ocrx_word' id='word_1_209' title='bbox 988 2485 1020 2524; x_wconf 86' lang='lat' dir='ltr'><strong>sc</strong></span> <span class='ocrx_word' id='word_1_210' title='bbox 1035 2468 1175 2545; x_wconf 90' lang='lat' dir='ltr'><strong>recipiunt</strong></span> 
     </span>
     <span class='ocr_line' id='line_1_28' title="bbox 187 2543 332 2604; baseline 0.022 -3"><span class='ocrx_word' id='word_1_211' title='bbox 187 2543 216 2602; x_wconf 89' lang='lat' dir='ltr'><strong>in</strong></span> <span class='ocrx_word' id='word_1_212' title='bbox 230 2556 332 2604; x_wconf 87' lang='lat' dir='ltr'><strong>castra</strong></span> 
     </span>
     <span class='ocr_line' id='line_1_29' title="bbox 225 2623 1176 2701; baseline 0.002 -20"><span class='ocrx_word' id='word_1_213' title='bbox 225 2624 372 2684; x_wconf 85' lang='lat' dir='ltr'>XXVIII</span> <span class='ocrx_word' id='word_1_214' title='bbox 415 2625 582 2701; x_wconf 89' lang='lat' dir='ltr'><strong>Insequenti</strong></span> <span class='ocrx_word' id='word_1_215' title='bbox 602 2636 687 2684; x_wconf 87' lang='lat' dir='ltr'><strong>nocte</strong></span> <span class='ocrx_word' id='word_1_216' title='bbox 709 2623 818 2682; x_wconf 82' lang='lat' dir='ltr'><strong>Fabius</strong></span> <span class='ocrx_word' id='word_1_217' title='bbox 835 2625 945 2700; x_wconf 88' lang='lat' dir='ltr'><strong>equites</strong></span> <span class='ocrx_word' id='word_1_218' title='bbox 965 2625 1123 2701; x_wconf 73' lang='lat' dir='ltr'><strong>premittit,</strong></span> <span class='ocrx_word' id='word_1_219' title='bbox 1137 2626 1176 2684; x_wconf 92' lang='lat' dir='ltr'><strong>sic</strong></span> 
     </span>
     <span class='ocr_line' id='line_1_30' title="bbox 186 2705 1175 2780; baseline 0.002 -19"><span class='ocrx_word' id='word_1_220' title='bbox 186 2715 308 2780; x_wconf 86' lang='lat' dir='ltr'><strong>paratos,</strong></span> <span class='ocrx_word' id='word_1_221' title='bbox 322 2715 354 2761; x_wconf 89' lang='lat' dir='ltr'><strong>ut</strong></span> <span class='ocrx_word' id='word_1_222' title='bbox 367 2705 565 2780; x_wconf 87' lang='lat' dir='ltr'><strong>confligerent,</strong></span> <span class='ocrx_word' id='word_1_223' title='bbox 581 2715 665 2779; x_wconf 91' lang='lat' dir='ltr'><strong>atque</strong></span> <span class='ocrx_word' id='word_1_224' title='bbox 685 2723 771 2762; x_wconf 90' lang='lat' dir='ltr'><strong>omne</strong></span> <span class='ocrx_word' id='word_1_225' title='bbox 785 2723 888 2780; x_wconf 89' lang='lat' dir='ltr'><strong>agmen</strong></span> <span class='ocrx_word' id='word_1_226' title='bbox 903 2717 1093 2772; x_wconf 87' lang='lat' dir='ltr'><strong>morarentur,</strong></span> <span class='ocrx_word' id='word_1_227' title='bbox 1110 2707 1175 2764; x_wconf 87' lang='lat' dir='ltr'><strong>dum</strong></span> 
     </span>
     <span class='ocr_line' id='line_1_31' title="bbox 136 2781 1175 2860; baseline 0.007 -25"><span class='ocrx_word' id='word_1_228' title='bbox 136 2781 171 2835; x_wconf 81' lang='lat' dir='ltr'><strong>ut</strong></span> <span class='ocrx_word' id='word_1_229' title='bbox 186 2794 407 2856; x_wconf 83' lang='lat' dir='ltr'><strong>consequeretur</strong></span> <span class='ocrx_word' id='word_1_230' title='bbox 428 2783 497 2859; x_wconf 88' lang='lat' dir='ltr'><strong>ipse.</strong></span> <span class='ocrx_word' id='word_1_231' title='bbox 549 2783 641 2858; x_wconf 84' lang='lat' dir='ltr'><strong>Cujus</strong></span> <span class='ocrx_word' id='word_1_232' title='bbox 663 2782 814 2858; x_wconf 82' lang='lat' dir='ltr'><strong>praeceptis</strong></span> <span class='ocrx_word' id='word_1_233' title='bbox 834 2794 866 2842; x_wconf 92' lang='lat' dir='ltr'><strong>ut</strong></span> <span class='ocrx_word' id='word_1_234' title='bbox 889 2803 935 2841; x_wconf 88' lang='lat' dir='ltr'><strong>res</strong></span> <span class='ocrx_word' id='word_1_235' title='bbox 956 2794 1112 2860; x_wconf 87' lang='lat' dir='ltr'><strong>gereretur,</strong></span> <span class='ocrx_word' id='word_1_236' title='bbox 1136 2784 1175 2846; x_wconf 78' lang='lat' dir='ltr'><strong>Q.</strong></span> 
     </span>
     <span class='ocr_line' id='line_1_32' title="bbox 188 2861 1177 2939; baseline 0.002 -21"><span class='ocrx_word' id='word_1_237' title='bbox 188 2861 273 2918; x_wconf 83' lang='lat' dir='ltr'><strong>Atlas</strong></span> <span class='ocrx_word' id='word_1_238' title='bbox 288 2861 391 2928; x_wconf 85' lang='lat' dir='ltr'><strong>Varus,</strong></span> <span class='ocrx_word' id='word_1_239' title='bbox 412 2862 564 2936; x_wconf 76' lang='lat' dir='ltr'><strong>prefectus</strong></span> <span class='ocrx_word' id='word_1_240' title='bbox 584 2861 721 2936; x_wconf 90' lang='lat' dir='ltr'><strong>equitum,</strong></span> <span class='ocrx_word' id='word_1_241' title='bbox 736 2861 888 2937; x_wconf 87' lang='lat' dir='ltr'><strong>singularis</strong></span> <span class='ocrx_word' id='word_1_242' title='bbox 911 2872 940 2919; x_wconf 88' lang='lat' dir='ltr'><strong>et</strong></span> <span class='ocrx_word' id='word_1_243' title='bbox 961 2861 1048 2919; x_wconf 88' lang='lat' dir='ltr'><strong>anirni</strong></span> <span class='ocrx_word' id='word_1_244' title='bbox 1069 2873 1100 2919; x_wconf 90' lang='lat' dir='ltr'><strong>et</strong></span> <span class='ocrx_word' id='word_1_245' title='bbox 1113 2881 1177 2939; x_wconf 91' lang='lat' dir='ltr'><strong>pru-</strong></span> 
     </span>
     <span class='ocr_line' id='line_1_33' title="bbox 188 2939 1176 3016; baseline 0.003 -19"><span class='ocrx_word' id='word_1_246' title='bbox 188 2939 291 2997; x_wconf 74' lang='lat' dir='ltr'><strong>dentiae</strong></span> <span class='ocrx_word' id='word_1_247' title='bbox 319 2940 369 3008; x_wconf 85' lang='lat' dir='ltr'><strong>vir,</strong></span> <span class='ocrx_word' id='word_1_248' title='bbox 398 2959 464 2998; x_wconf 88' lang='lat' dir='ltr'><strong>suos</strong></span> <span class='ocrx_word' id='word_1_249' title='bbox 490 2941 635 3010; x_wconf 87' lang='lat' dir='ltr'><strong>hortatur;</strong></span> <span class='ocrx_word' id='word_1_250' title='bbox 667 2957 827 3016; x_wconf 87' lang='lat' dir='ltr'><strong>agmenque</strong></span> <span class='ocrx_word' id='word_1_251' title='bbox 847 2940 971 2999; x_wconf 87' lang='lat' dir='ltr'><strong>hostium</strong></span> <span class='ocrx_word' id='word_1_252' title='bbox 995 2953 1176 3009; x_wconf 87' lang='lat' dir='ltr'><strong>consecutus,</strong></span> 
     </span>
     <span class='ocr_line' id='line_1_34' title="bbox 198 3018 1176 3110; baseline 0.003 -35"><span class='ocrx_word' id='word_1_253' title='bbox 198 3037 294 3076; x_wconf 84' lang='lat' dir='ltr'><strong>urmes</strong></span> <span class='ocrx_word' id='word_1_254' title='bbox 307 3019 409 3110; x_wconf 88' lang='lat' dir='ltr'><strong>partim</strong></span> <span class='ocrx_word' id='word_1_255' title='bbox 420 3018 535 3076; x_wconf 90' lang='lat' dir='ltr'><strong>idoneis</strong></span> <span class='ocrx_word' id='word_1_256' title='bbox 554 3019 625 3076; x_wconf 87' lang='lat' dir='ltr'><strong>locis</strong></span> <span class='ocrx_word' id='word_1_257' title='bbox 638 3018 772 3095; x_wconf 88' lang='lat' dir='ltr'><strong>disponit,</strong></span> <span class='ocrx_word' id='word_1_258' title='bbox 793 3019 896 3095; x_wconf 90' lang='lat' dir='ltr'><strong>partim</strong></span> <span class='ocrx_word' id='word_1_259' title='bbox 907 3018 1035 3095; x_wconf 89' lang='lat' dir='ltr'><strong>equitum</strong></span> <span class='ocrx_word' id='word_1_260' title='bbox 1049 3021 1176 3096; x_wconf 76' lang='lat' dir='ltr'><strong>prelium</strong></span> 
     </span>
     <span class='ocr_line' id='line_1_35' title="bbox 187 3096 1176 3174; baseline 0.005 -21"><span class='ocrx_word' id='word_1_261' title='bbox 187 3097 347 3155; x_wconf 87' lang='lat' dir='ltr'><strong>committit.</strong></span> <span class='ocrx_word' id='word_1_262' title='bbox 389 3097 540 3172; x_wconf 88' lang='lat' dir='ltr'><strong>Equitatus</strong></span> <span class='ocrx_word' id='word_1_263' title='bbox 561 3098 683 3156; x_wconf 85' lang='lat' dir='ltr'><strong>hostium</strong></span> <span class='ocrx_word' id='word_1_264' title='bbox 704 3097 834 3174; x_wconf 82' lang='lat' dir='ltr'><strong>confligit</strong></span> <span class='ocrx_word' id='word_1_265' title='bbox 855 3096 1005 3166; x_wconf 76' lang='lat' dir='ltr'><strong>audacius,</strong></span> <span class='ocrx_word' id='word_1_266' title='bbox 1019 3101 1176 3158; x_wconf 88' lang='lat' dir='ltr'><strong>succeden-</strong></span> 
     </span>
     <span class='ocr_line' id='line_1_36' title="bbox 136 3173 1177 3267; baseline 0.006 -37"><span class='ocrx_word' id='word_1_267' title='bbox 136 3173 172 3230; x_wconf 83' lang='grc'><strong>35</strong></span> <span class='ocrx_word' id='word_1_268' title='bbox 187 3174 264 3234; x_wconf 82' lang='lat' dir='ltr'><strong>tibus</strong></span> <span class='ocrx_word' id='word_1_269' title='bbox 276 3175 331 3232; x_wconf 86' lang='lat' dir='ltr'><strong>srbr</strong></span> <span class='ocrx_word' id='word_1_270' title='bbox 351 3175 514 3251; x_wconf 90' lang='lat' dir='ltr'><strong>peditibus,</strong></span> <span class='ocrx_word' id='word_1_271' title='bbox 535 3176 593 3250; x_wconf 90' lang='lat' dir='ltr'><strong>qui,</strong></span> <span class='ocrx_word' id='word_1_272' title='bbox 608 3187 667 3234; x_wconf 90' lang='lat' dir='ltr'><strong>toto</strong></span> <span class='ocrx_word' id='word_1_273' title='bbox 688 3176 802 3252; x_wconf 89' lang='lat' dir='ltr'><strong>agmine</strong></span> <span class='ocrx_word' id='word_1_274' title='bbox 815 3177 1013 3244; x_wconf 86' lang='lat' dir='ltr'><strong>subsistentes,</strong></span> <span class='ocrx_word' id='word_1_275' title='bbox 1034 3179 1177 3267; x_wconf 89' lang='lat' dir='ltr'><strong>equitibus</strong></span> 
     </span>
     <span class='ocr_line' id='line_1_37' title="bbox 187 3254 1178 3333; baseline 0 -19"><span class='ocrx_word' id='word_1_276' title='bbox 187 3255 246 3314; x_wconf 89' lang='lat' dir='ltr'><strong>suis</strong></span> <span class='ocrx_word' id='word_1_277' title='bbox 260 3265 359 3314; x_wconf 91' lang='lat' dir='ltr'><strong>contra</strong></span> <span class='ocrx_word' id='word_1_278' title='bbox 379 3264 489 3312; x_wconf 88' lang='lat' dir='ltr'><strong>nostros</strong></span> <span class='ocrx_word' id='word_1_279' title='bbox 504 3255 597 3311; x_wconf 85' lang='lat' dir='ltr'><strong>serunt</strong></span> <span class='ocrx_word' id='word_1_280' title='bbox 612 3254 758 3312; x_wconf 84' lang='lat' dir='ltr'><strong>auxilium.</strong></span> <span class='ocrx_word' id='word_1_281' title='bbox 800 3255 848 3312; x_wconf 92' lang='lat' dir='ltr'><strong>Fit</strong></span> <span class='ocrx_word' id='word_1_282' title='bbox 867 3255 998 3333; x_wconf 83' lang='lat' dir='ltr'><strong>praelium</strong></span> <span class='ocrx_word' id='word_1_283' title='bbox 1013 3255 1074 3314; x_wconf 90' lang='lat' dir='ltr'><strong>acri</strong></span> <span class='ocrx_word' id='word_1_284' title='bbox 1088 3269 1178 3314; x_wconf 89' lang='lat' dir='ltr'><strong>certa·</strong></span> 
     </span>
     <span class='ocr_line' id='line_1_38' title="bbox 160 3332 1176 3424; baseline 0.001 -32.026"><span class='ocrx_word' id='word_1_285' title='bbox 160 3335 282 3417; x_wconf 64' lang='lat' dir='ltr'><strong>mine:</strong></span> <span class='ocrx_word' id='word_1_286' title='bbox 303 3353 427 3411; x_wconf 89' lang='lat' dir='ltr'><strong>namque</strong></span> <span class='ocrx_word' id='word_1_287' title='bbox 448 3332 547 3400; x_wconf 89' lang='lat' dir='ltr'><strong>nostri,</strong></span> <span class='ocrx_word' id='word_1_288' title='bbox 569 3334 739 3424; x_wconf 82' lang='lat' dir='ltr'><strong>contemptis</strong></span> <span class='ocrx_word' id='word_1_289' title='bbox 762 3334 854 3411; x_wconf 89' lang='lat' dir='ltr'><strong>pridie</strong></span> <span class='ocrx_word' id='word_1_290' title='bbox 877 3335 1018 3410; x_wconf 89' lang='lat' dir='ltr'><strong>superatis</strong></span> <span class='ocrx_word' id='word_1_291' title='bbox 1039 3335 1176 3403; x_wconf 90' lang='lat' dir='ltr'><strong>hostibus,</strong></span> 
     </span>
     <span class='ocr_line' id='line_1_39' title="bbox 183 3409 1179 3510; baseline 0.002 -40.006"><span class='ocrx_word' id='word_1_292' title='bbox 183 3409 273 3486; x_wconf 83' lang='lat' dir='ltr'><strong>quum</strong></span> <span class='ocrx_word' id='word_1_293' title='bbox 287 3413 421 3490; x_wconf 90' lang='lat' dir='ltr'><strong>subsequi</strong></span> <span class='ocrx_word' id='word_1_294' title='bbox 444 3411 573 3488; x_wconf 88' lang='lat' dir='ltr'><strong>legiones</strong></span> <span class='ocrx_word' id='word_1_295' title='bbox 593 3413 798 3480; x_wconf 87' lang='lat' dir='ltr'><strong>meminissent,</strong></span> <span class='ocrx_word' id='word_1_296' title='bbox 813 3423 843 3471; x_wconf 89' lang='lat' dir='ltr'><strong>et</strong></span> <span class='ocrx_word' id='word_1_297' title='bbox 861 3414 970 3510; x_wconf 90' lang='lat' dir='ltr'><strong>pudore</strong></span> <span class='ocrx_word' id='word_1_298' title='bbox 990 3414 1127 3483; x_wconf 82' lang='lat' dir='ltr'><strong>cedendi,</strong></span> <span class='ocrx_word' id='word_1_299' title='bbox 1151 3425 1179 3472; x_wconf 89' lang='lat' dir='ltr'><strong>et</strong></span> 
     </span>
     <span class='ocr_line' id='line_1_40' title="bbox 188 3489 1177 3570; baseline 0.004 -24"><span class='ocrx_word' id='word_1_300' title='bbox 188 3492 342 3566; x_wconf 87' lang='lat' dir='ltr'><strong>cupiditate</strong></span> <span class='ocrx_word' id='word_1_301' title='bbox 355 3513 406 3570; x_wconf 89' lang='lat' dir='ltr'><strong>per</strong></span> <span class='ocrx_word' id='word_1_302' title='bbox 427 3511 458 3550; x_wconf 88' lang='lat' dir='ltr'><strong>se</strong></span> <span class='ocrx_word' id='word_1_303' title='bbox 471 3490 644 3550; x_wconf 89' lang='lat' dir='ltr'><strong>conficiendi</strong></span> <span class='ocrx_word' id='word_1_304' title='bbox 657 3491 757 3568; x_wconf 77' lang='lat' dir='ltr'><strong>prelii,</strong></span> <span class='ocrx_word' id='word_1_305' title='bbox 780 3489 931 3550; x_wconf 85' lang='lat' dir='ltr'><strong>fortissirne</strong></span> <span class='ocrx_word' id='word_1_306' title='bbox 946 3502 1048 3550; x_wconf 88' lang='lat' dir='ltr'><strong>contra</strong></span> <span class='ocrx_word' id='word_1_307' title='bbox 1068 3493 1177 3569; x_wconf 89' lang='lat' dir='ltr'><strong>pedites</strong></span> 
     </span>
     <span class='ocr_line' id='line_1_41' title="bbox 137 3566 1177 3654; baseline 0.01 -31"><span class='ocrx_word' id='word_1_308' title='bbox 137 3566 173 3620; x_wconf 77' lang='grc'><strong>40</strong></span> <span class='ocrx_word' id='word_1_309' title='bbox 187 3568 402 3643; x_wconf 76' lang='lat' dir='ltr'><strong>preliabantu13</strong></span> <span class='ocrx_word' id='word_1_310' title='bbox 426 3573 585 3654; x_wconf 85' lang='lat' dir='ltr'><strong>hostesque,</strong></span> <span class='ocrx_word' id='word_1_311' title='bbox 606 3570 678 3628; x_wconf 91' lang='lat' dir='ltr'><strong>nihil</strong></span> <span class='ocrx_word' id='word_1_312' title='bbox 698 3570 819 3647; x_wconf 82' lang='lat' dir='ltr'><strong>amplius</strong></span> <span class='ocrx_word' id='word_1_313' title='bbox 831 3570 977 3646; x_wconf 86' lang='lat' dir='ltr'><strong>copiarum</strong></span> <span class='ocrx_word' id='word_1_314' title='bbox 994 3589 1177 3632; x_wconf 85' lang='lat' dir='ltr'><strong>accessurum</strong></span> 
     </span>
     <span class='ocr_line' id='line_1_42' title="bbox 188 3647 1176 3728; baseline 0.008 -25"><span class='ocrx_word' id='word_1_315' title='bbox 188 3647 347 3717; x_wconf 85' lang='lat' dir='ltr'><strong>credentes,</strong></span> <span class='ocrx_word' id='word_1_316' title='bbox 374 3662 406 3708; x_wconf 92' lang='lat' dir='ltr'><strong>ut</strong></span> <span class='ocrx_word' id='word_1_317' title='bbox 431 3649 523 3728; x_wconf 89' lang='lat' dir='ltr'><strong>pridie</strong></span> <span class='ocrx_word' id='word_1_318' title='bbox 549 3661 751 3726; x_wconf 80' lang='lat' dir='ltr'><strong>cognoverant,</strong></span> <span class='ocrx_word' id='word_1_319' title='bbox 778 3649 893 3708; x_wconf 85' lang='lat' dir='ltr'><strong>delendi</strong></span> <span class='ocrx_word' id='word_1_320' title='bbox 919 3649 1065 3725; x_wconf 82' lang='lat' dir='ltr'><strong>equitatirs</strong></span> <span class='ocrx_word' id='word_1_321' title='bbox 1091 3650 1176 3711; x_wconf 73' lang='lat' dir='ltr'><strong>nmui</strong></span> 
     </span>
     <span class='ocr_line' id='line_1_43' title="bbox 188 3723 650 3788; baseline 0.009 -4"><span class='ocrx_word' id='word_1_322' title='bbox 188 3723 267 3784; x_wconf 88' lang='lat' dir='ltr'><strong>nacti</strong></span> <span class='ocrx_word' id='word_1_323' title='bbox 276 3728 458 3786; x_wconf 86' lang='lat' dir='ltr'><strong>occasionem</strong></span> <span class='ocrx_word' id='word_1_324' title='bbox 473 3730 650 3788; x_wconf 83' lang='lat' dir='ltr'><strong>videbantur.</strong></span> 
     </span>
     <span class='ocr_line' id='line_1_44' title="bbox 227 3803 1176 3883; baseline 0.006 -21"><span class='ocrx_word' id='word_1_325' title='bbox 227 3803 346 3862; x_wconf 89' lang='lat' dir='ltr'>XXIX</span> <span class='ocrx_word' id='word_1_326' title='bbox 385 3805 487 3864; x_wconf 82' lang='lat' dir='ltr'><strong>Quum</strong></span> <span class='ocrx_word' id='word_1_327' title='bbox 509 3807 675 3883; x_wconf 85' lang='lat' dir='ltr'><strong>aliquandiu</strong></span> <span class='ocrx_word' id='word_1_328' title='bbox 695 3808 807 3867; x_wconf 72' lang='lat' dir='ltr'><strong>summi</strong></span> <span class='ocrx_word' id='word_1_329' title='bbox 820 3806 1006 3866; x_wconf 84' lang='lat' dir='ltr'><strong>contentione</strong></span> <span class='ocrx_word' id='word_1_330' title='bbox 1027 3808 1176 3868; x_wconf 82' lang='lat' dir='ltr'><strong>dimicare·</strong></span> 
     </span>
     <span class='ocr_line' id='line_1_45' title="bbox 189 3881 1177 4016; baseline 0.003 -76"><span class='ocrx_word' id='word_1_331' title='bbox 189 3881 456 3950; x_wconf 63' lang='lat' dir='ltr'><strong>manumissus</strong></span> <span class='ocrx_word' id='word_1_332' title='bbox 449 3886 755 3962; x_wconf 62' lang='lat' dir='ltr'><strong>spumantemque</strong></span> <span class='ocrx_word' id='word_1_333' title='bbox 772 3885 832 3946; x_wconf 84' lang='lat' dir='ltr'><strong>suis</strong></span> <span class='ocrx_word' id='word_1_334' title='bbox 843 3895 921 3944; x_wconf 83' lang='lat' dir='ltr'><strong>esset</strong></span> <span class='ocrx_word' id='word_1_335' title='bbox 939 3885 1117 4016; x_wconf 81' lang='lat' dir='ltr'><strong>equitibus&#39;</strong></span> <span class='ocrx_word' id='word_1_336' title='bbox 1109 3887 1177 3946; x_wconf 82' lang='lat' dir='ltr'><strong>mri-</strong></span> 
     </span>
    </p>
   </div>
   <div class='ocr_carea' id='block_1_3' title="bbox 0 0 1287 4412">
    <p class='ocr_par' dir='ltr' id='par_1_3' title="bbox 0 0 1287 4412">
     <span class='ocr_line' id='line_1_46' title="bbox 0 0 1287 4412; baseline 0 0"><span class='ocrx_word' id='word_1_337' title='bbox 0 0 1287 4412; x_wconf 95' lang='lat' dir='ltr'><strong> </strong></span> 
     </span>
    </p>
   </div>
  </div>
 </body>
</html>
