2590 4424
134 335 162 402 s
506 335 864 388 onarnnooxnrrco

192 478 271 556 qubtl
303 477 466 540 necessario
492 499 553 538 rem
579 479 687 538 Caesari
719 477 891 546 enunciflrit,
918 477 1076 554 Intelligere
1102 497 1182 550 sese,

192 568 300 634 quanto
313 556 342 616 id
355 577 422 616 oum
438 558 566 635 periculo
580 558 688 627 lecerit,
702 567 732 614 et
750 559 788 616 ob
800 576 865 615 eam
877 553 1005 624 causam,
1019 555 1106 633 quarn
1126 555 1181 616 diu

193 637 324 712 potuerit,
337 637 480 694 tacuisse-¹
686 635 693 656 ⁸

233 713 350 772 XVIII.
392 715 489 772 Cesar
503 715 559 772 hic
572 714 699 772 oratione
717 713 796 770 Lisci
809 712 1027 789 Dumnorigem,
1041 714 1184 773 Divitiaoi

165 791 318 861 biremem,
332 793 477 868 designari
497 792 655 849 sentiebat:
676 793 737 859 sed,
750 790 827 868 qnod
847 792 976 869 pluribus
990 793 1183 868 presentibus
1276 795 1277 806 ¹

193 889 243 929 ees
255 891 301 930 res
318 871 422 946 jactari
441 869 565 938 nolebat,
587 870 716 928 celeriter
736 870 892 928 concilium
912 870 1038 938 dimittit,
1060 871 1182 930 Liscum

194 949 315 1006 retinet:
336 948 436 1023 querit
455 967 493 1006 ex
514 949 573 1007 solo
585 967 630 1017 ea,
644 968 707 1024 que
728 948 759 1005 in
782 960 925 1006 conventu
938 949 1057 1008 dixerat
1099 949 1182 1010 Dicit
1276 979 1277 1024 ῃ

194 1026 313 1086 liberius
336 1037 420 1102 atque
441 1026 588 1086 audacius.
637 1027 748 1084 Eadem
774 1025 886 1086 secreto
910 1028 947 1084 ab
970 1027 1033 1084 aliis
1058 1029 1180 1103 querit3
1276 1041 1277 1076 3

195 1104 299 1180 reperit
311 1123 374 1162 esse
388 1124 472 1163 vera:
495 1105 610 1182 ‘Ipsum
624 1125 686 1162 esse
700 1104 907 1180 Dumnorigem
921 1106 1033 1163 summit
1047 1107 1180 1175 andaoni,

76 1233 82 1242 .
152 1184 186 1238 10
196 1185 300 1258 magni
315 1185 389 1259 apud
409 1184 522 1260 plebem
534 1195 647 1259 propter
660 1183 858 1240 liberalitatem
872 1184 973 1258 gratie,
987 1184 1181 1260 cupidumque

195 1280 288 1318 rerum
301 1281 457 1319 novarum:
478 1261 638 1338 complures
647 1259 741 1319 'annos
754 1261 886 1336 portoria,
900 1262 1063 1338 reliquaque
1082 1264 1181 1322 omnia

195 1339 355 1397 AEduorum
369 1339 529 1415 vectigalia,
540 1359 626 1414 parvo
639 1339 729 1414 pretio
741 1339 889 1414 redempta
902 1340 1017 1412 habere,
1030 1352 1181 1416 propterea

158 1431 165 1443 ·
194 1415 282 1491 quod,
297 1417 345 1474 illo
364 1416 480 1484 licente,
502 1415 602 1475 contri
614 1417 695 1475 liceri
717 1419 820 1476 audeat
842 1435 934 1476 nemo.
976 1418 1032 1475 His
1052 1420 1138 1476 rebus
1150 1431 1180 1478 et

196 1513 277 1552 suern
299 1513 360 1552 rem
384 1495 551 1553 familiarem
575 1496 697 1564 auxisse,
719 1506 748 1553 et
771 1496 920 1554 facultates
940 1497 977 1553 ad
999 1497 1179 1572 largiendum

152 1575 186 1628 15
196 1592 315 1649 magnas
326 1574 505 1650 comperisse
516 1593 522 1631 :
544 1583 840 1650 magnum'nunrerum
851 1575 993 1650 equitatris
1006 1594 1058 1632 suo
1066 1588 1179 1652 sumptu
1276 1585 1277 1622 l

195 1669 306 1728 semper
320 1651 394 1710 alere
415 1668 445 1710 et
464 1653 574 1712 circum
595 1673 625 1711 se
649 1654 774 1728 babere:
794 1673 887 1729 neque
907 1652 999 1712 solum
1019 1654 1106 1720 domi,
1128 1655 1178 1712 sed

194 1731 281 1788 etiam
308 1732 382 1807 apud
404 1732 538 1792 finitimas
561 1733 690 1790 civitates
716 1733 831 1808 largiter
851 1733 956 1808 po'sse.
988 1742 1071 1806 atque
1095 1733 1179 1808 hujus

195 1809 327 1890 potentie
342 1813 430 1870 cause
442 1823 561 1870 matrem
576 1811 605 1868 in
619 1811 795 1886 Biturigibus
808 1811 917 1868 homini
931 1810 990 1868 illio
1004 1811 1179 1869 nobilissimo

196 1907 231 1944 ac
243 1889 438 1964 potentissimo
451 1890 625 1948 collocasse:
647 1890 739 1964 ipsum
752 1907 788 1946 ex
802 1887 942 1946 Helvetiis
962 1907 1078 1946 uxorem
1093 1890 1181 1948 habe·
1276 1913 1277 1936 i

136 1967 244 2034 bore:
273 1985 397 2025 sororem
418 1987 455 2025 ex
475 1953 565 2024 malre
586 1977 615 2023 et
634 1967 805 2041 propInquas
828 1986 894 2024 suas
914 1977 1034 2042 nuptum
1059 1967 1088 2024 in
1110 1969 1181 2028 elias

195 2043 325 2102 civitates
338 2045 512 2103 collocrisse:
541 2046 635 2102 lavere
648 2055 677 2101 et
697 2063 801 2122 cupere
815 2044 956 2102 Helvetiis
984 2056 1097 2121 propter
1114 2067 1180 2106 earn

197 2121 381 2180 affinitatem:
401 2123 595 2184 odisse.etiam
615 2141 667 2180 suo
679 2123 795 2182 nomine
809 2124 954 2181 Caesarem
977 2135 1007 2181 et
1020 2124 1179 2194 Romanos,

196 2199 273 2276 qubd
296 2220 394 2260 eorum
414 2203 537 2261 'adventu
560 2202 688 2278 potentia
707 2202 768 2277 ejus
791 2202 948 2269 deminuta,
969 2213 998 2259 et
1019 2202 1179 2262 Divitiacus
1276 2231 1277 2256 r

198 2279 282 2336 frater
297 2279 326 2337 in
348 2282 494 2357 antiquum
513 2282 609 2339 locum
622 2281 721 2356 gratie
742 2291 825 2356 atque
841 2281 955 2338 honoris
968 2281 1005 2338 sit
1024 2282 1177 2339 restitutus.

152 2362 188 2419 25
198 2357 230 2414 Si
243 2357 310 2433 quid
325 2360 437 2417 aecidat
453 2359 603 2428 Romanis,
618 2376 758 2434 summam
779 2359 808 2416 in
822 2379 901 2436 spem
915 2360 997 2434 regni
1010 2379 1060 2435 per
1070 2360 1180 2417 Helve-

197 2435 250 2493 tios
269 2436 417 2496 obtinendi
430 2439 542 2509 venire3
564 2439 682 2515 imperio
702 2439 802 2516 Populi
817 2437 944 2496 Romani
965 2457 1023 2496 non
1036 2437 1121 2495 modo
1141 2438 1178 2495 de
1276 2477 1277 2482 κ

196 2531 294 2589 regno,
321 2516 371 2572 sed
395 2517 481 2575 etiam
507 2519 543 2576 de
569 2520 614 2586 eri,
641 2539 727 2594 quam
751 2519 865 2584 habeat,
892 2516 985 2592 gratib
1008 2517 1189 2592 desperaret

196 2591 371 2668 Reperiebat
384 2595 471 2654 etiem
485 2597 515 2654 in
528 2598 682 2672 quaerendo
692 2597 790 2653 Caesar
805 2593 898 2670 ‘qubd
909 2595 1038 2669 praelium
1049 2605 1179 2669 equestre

197 2671 345 2728 adversum
363 2675 463 2748 paucis
477 2674 544 2732 ante
565 2675 667 2732 diebus
679 2684 755 2730 esset
769 2674 886 2740 sactum,
902 2671 1014 2730 initium
1028 2672 1089 2748 ejus
1104 2673 1179 2750 fuge

151 2748 303 2806 30factum
328 2768 345 2806 a
370 2745 547 2826 Dumnorige
564 2763 658 2826 *atque
684 2752 746 2828 ejus
768 2752 912 2826 equitibus
936 2751 1017 2828 (narn
1040 2751 1178 2826 equitatu,

195 2845 279 2901 quern
303 2828 408 2886 anxilio
431 2828 540 2886 Caesari
565 2829 654 2886 AEdui
677 2830 822 2899 miserant,
850 2829 1010 2888 Dumnorix
1031 2833 1178 2909 preerat),

193 2924 292 2962 eorum
307 2907 374 2982 liugai
388 2906 527 2981 reliquum
541 2927 603 2964 esse
617 2909 773 2984 equitatum
785 2908 983 2986 perterritum!

233 2982 319 3040 XIX.
360 2985 477 3046 Quibus
497 2986 583 3043 rebus
605 2987 737 3062 coguitis,
758 3007 846 3062 quum
868 2987 904 3046 ad
927 2989 979 3044 has
1000 2986 1178 3063 suspiciones
1276 3039 1277 3052 ,

194 3060 358 3118 certissimae
376 3082 422 3120 res
443 3066 623 3132 accederent,
637 3064 714 3140 qubd
733 3066 869 3140 perfines
889 3066 1085 3142 Sequanorum
1108 3066 1180 3124 Hel·
1276 3063 1277 3090 ³

148 3139 282 3198 35vetios
304 3141 484 3209 traduxisset,
505 3141 583 3218 qubd
601 3144 715 3201 obsides
738 3144 811 3202 inter
834 3163 883 3203 eos
906 3145 1016 3204 dandos
1039 3145 1176 3213 curbsset
1276 3149 1277 3166 ¹

193 3218 269 3291 quod
283 3239 319 3279 ea
331 3221 438 3289 omnia,
452 3240 510 3278 non
528 3221 614 3280 modo
627 3222 736 3322 injussu
757 3243 809 3281 suo
821 3234 851 3281 et
871 3224 1005 3292 civitatis,
1019 3223 1178 3282 sedetiam
1276 3215 1277 3272 l

195 3295 381 3358 inscientibus
395 3299 464 3377 ipsis
478 3300 601 3368 lecisset,
615 3303 691 3376 quod
707 3320 724 3358 a
736 3302 903 3378 magistratu
916 3303 1078 3361 AEduorum
1093 3321 1177 3360 accu-
1276 3299 1277 3360 i

194 3383 318 3433 seretur:
339 3377 408 3437 satis
428 3399 491 3438 esse
505 3397 599 3436 causae
613 3380 811 3448 arbitrabatur,
825 3401 912 3457 quare
930 3381 959 3438 in
974 3399 1040 3438 eum
1055 3391 1103 3438 aut
1117 3381 1176 3456 ipse
1276 3405 1277 3434 r

195 3450 438 3526 animadverteret,
463 3470 512 3517 aut
537 3457 681 3516 civitatem
705 3459 928 3518 animadvertere
948 3459 1070 3534 juberet
1121 3459 1176 3518 His
1276 3479 1277 3508 ³

148 3535 184 3588 40
194 3529 326 3587 omnibus
339 3534 424 3590 rebus
442 3557 532 3596 unum
545 3539 732 3613 repugnabat,
746 3537 822 3614 quod
843 3536 980 3596 Divitiaoi
994 3537 1087 3594 fratris
1100 3557 1176 3596 suar·

194 3627 272 3665 munr
286 3609 316 3668 in
337 3609 476 3687 Populum
494 3613 659 3674 Romanurn
679 3617 814 3685 studium,
829 3634 969 3674 summam
990 3615 1020 3673 ln
1034 3635 1065 3673 se
1078 3616 1175 3675 volun·

194 3697 291 3755 tatem,
306 3689 450 3763 egregiam
471 3688 566 3760 tidem,
578 3695 727 3768 justitiam,
748 3694 965 3768 temperantiam
985 3705 1174 3770 cognoverat:

136 3811 140 3816 .
194 3783 271 3832 narn,
285 3785 323 3822 nc
333 3765 395 3840 ejus
405 3766 544 3839 supplicio
556 3769 692 3826 Divitiaci
703 3771 830 3828 animum
839 3769 1005 3838 offenderet,
1017 3773 1173 3830 verebatur.

194 3841 304 3919 Itaque,
330 3843 494 3920 priusquam
516 3843 671 3916 quidquam
696 3855 856 3912 conaretur,
881 3845 1056 3905 Diuitiacum
1082 3845 1118 3904 ad
1143 3868 1175 3908 ss
