2564 4422
190 333 231 394 94
555 327 603 377 DE
620 324 736 376 BELLO
751 323 910 376 oamco

240 489 332 548 neque
343 470 462 538 bomini,
476 489 569 546 neque
583 470 658 536 ferm,
672 487 757 544 quam
770 466 980 544 conspexerint,
991 479 1124 544 pareunt.
1165 469 1216 529 llos

240 549 366 608 studiosi
391 549 478 608 foveis
501 559 598 626 oaptos
621 547 806 606 interficiunt.
857 547 923 604 Hon
946 565 977 604 se
1002 547 1100 605 labore
1125 549 1233 606 durmt·

241 629 372 686 homines
384 629 589 694 adolesoentes,
605 637 692 702 atque¹
708 627 763 687 hoe
783 629 891 702 genere
903 625 1060 682 venationis
1072 639 1214 696 exercent;

240 717 280 774 et,
293 705 342 783 qui
354 707 490 784 plurimos
502 725 539 764 ex
551 705 596 763 his
616 705 830 772 interfecerunt,
844 703 941 762 relatis
954 703 984 760 in
1003 704 1155 780 publioum
1166 723 1215 763 σοι·

206 786 336 862 bulbus,
357 805 420 863 qne
443 785 500 842 sint
522 783 693 852 testimonio,
715 801 850 859 magnam
874 783 969 840 lerunt
991 782 1115 847 laudem.
1169 785 1214 842 Sed

242 884 406 924 assuesoere
430 865 466 921 ad
492 863 622 922 homines
645 874 674 921 et
699 861 891 928 mansuefieri,
916 879 953 919 ne
978 861 1090 937 parvuli
1113 863 1215 938 qnidam

241 943 363 1080 {bill
383 939 1215 1079 fflbruimliildbssllbmadldgwrlafffflb

241 1099 401 1175 conquisita
414 1100 451 1158 ab
463 1099 550 1158 labris
563 1110 681 1176 argento
694 1097 933 1166 oiroumeludunt,
948 1107 1032 1172 atque
1045 1096 1077 1154 in
1091 1099 1215 1176 amplissi-

192 1184 226 1240 10
241 1177 296 1236 mis
308 1177 400 1254 epulis
412 1198 464 1256 pro
476 1178 586 1262 pqnulie
596 1187 722 1235 utuntur.

219 1282 244 1306 s
281 1257 399 1316 XXIX.
441 1258 549 1324 Cesar,
560 1267 707 1332 postquam
720 1273 770 1330 per
778 1254 868 1313 Ubios
877 1255 1068 1332 exploratores
1079 1256 1214 1332 comperit,

243 1337 351 1395 Suevos
374 1355 437 1394 sese
461 1336 491 1392 in
514 1335 606 1410 sylvas
628 1331 781 1408 reoepisse,
803 1333 929 1409 inopiam
953 1334 1088 1392 frumenti
1111 1335 1214 1402 veritus,

241 1414 328 1487 qudd,
355 1425 387 1471 ut
412 1409 498 1488 suprd
524 1411 787 1479 demonstravimus,
814 1411 934 1470 minime
963 1429 1063 1471 omnes
1088 1411 1215 1471 Germani

241 1491 422 1565 agrioulturae
448 1491 573 1558 student,
597 1490 745 1548 eonstituit
767 1509 825 1548 non
850 1491 984 1567 progredi
1005 1489 1140 1567 longibs3
1167 1491 1216 1558 sed,

192 1573 227 1628 15
241 1587 278 1626 ne
303 1569 421 1627 omniuo
446 1580 554 1628 metum
580 1568 689 1628 reditais
714 1569 759 1628 sui
787 1569 915 1628 barbaris
940 1569 1061 1638 tolleret,
1090 1580 1173 1646 atque
1192 1579 1217 1626 ut

241 1665 339 1706 eorum
366 1648 472 1720 auxilia
497 1649 632 1717 tardaret,
656 1650 775 1707 reducto
800 1647 938 1722 eremita,
962 1657 1072 1724 partem
1098 1649 1217 1708 ultimam

239 1726 345 1803 pontis,
372 1746 435 1804 quae
467 1728 544 1804 ripas
552 1728 708 1809 mUbiorum
734 1727 928 1804 eontingsbat,
962 1727 993 1786 in
1018 1725 1216 1804 longitudinem

240 1807 347 1882 pedum
360 1807 413 1866 CO
433 1807 587 1878 resoindit3
609 1818 693 1884 atque
713 1807 744 1866 in
756 1804 883 1866 extremo
902 1816 988 1882 ponte
1001 1805 1103 1864 turrim
1118 1806 1217 1866 tabula·

242 1895 335 1944 torum
348 1897 468 1962 quatuor
481 1887 638 1955 eonstituit,
652 1885 871 1963 praesidiumque
884 1884 1042 1943 cohortium
1056 1883 1121 1942 XII
1134 1884 1217 1962 pontis

190 1966 227 2022 2⁰
241 1965 342 2030 tuendi
374 1967 462 2024 eausa
494 1967 584 2043 ponit,
610 1966 778 2042 magnisque
804 1983 871 2022 eum
896 1963 991 2022 looum
1021 1963 1218 2022 munitionibus

241 2043 344 2102 firmat.
395 2043 432 2102 Ei
454 2043 518 2104 loeo
540 2044 726 2121 praesidioque
745 2043 780 2100 O.
802 2042 965 2102 Volcatium
986 2041 1107 2100 Tullum
1122 2043 1219 2102 adoles·

242 2133 356 2180 centem
376 2122 512 2196 praeleoit.
554 2119 629 2197 Ipse,
643 2140 731 2197 quum
744 2132 937 2180 maturesoere
957 2122 1101 2179 frumenta
1122 2121 1220 2197 maipa-

200 2223 224 2240 ·-
241 2209 314 2266 rent,
335 2200 371 2256 ad
393 2199 499 2255 bellum
522 2200 698 2276 Ambiorigis
716 2201 870 2276 promotus,
887 2199 950 2275 [per
963 2201 1155 2259 Arduennam
1174 2199 1220 2275 syl·

241 2293 316 2342 vam,
336 2295 399 2350 qum
421 2285 465 2334 est
484 2275 571 2334 totius
592 2277 694 2336 Gallie
713 2277 847 2344 maxima,
872 2287 955 2352 atque
979 2277 1015 2334 ab
1036 2278 1105 2352 ripis
1129 2275 1220 2335 Rheni

190 2351 403 2428 &sinibusque
436 2353 620 2414 Trevirorum
654 2356 690 2414 ad
725 2355 866 2414 Nervios·
881 2355 1014 2432 pertinet,
1046 2356 1220 2430 millibusque

243 2429 365 2508 amplius
391 2432 421 2491 D
441 2433 477 2491 'in
497 2434 707 2511 longitudinem
729 2436 831 2514 patet]
856 2433 890 2492 L.
913 2433 1077 2492 Minucium
1100 2435 1221 2492 Basilum

242 2529 309 2568 oum
322 2512 402 2570 omni
414 2512 542 2588 equitatu
561 2509 716 2590 praemittit,
730 2513 755 2572 ei
772 2513 841 2589 quid
861 2511 1007 2572 eeleritate
1021 2512 1221 2588 itineris-atqua

140 2646 143 2652 ,
242 2592 451 2668 opportunitate
465 2593 598 2668 temporis
619 2593 757 2666 protioere
777 2591 883 2668 possit:
904 2601 1052 2659 monetur
1069 2592 1155 2668 ignes
1168 2589 1223 2650 lieri

242 2668 388 2728 monstris
406 2671 565 2746 probibeat,
585 2689 623 2728 ne
636 2689 692 2745 qua
705 2670 767 2746 ejus
787 2670 925 2730 adventis
938 2669 1036 2746 prooul
1055 2669 1223 2744 significatio

170 2749 227 2804 w
242 2748 308 2806 fiat:
329 2768 392 2806 sese
405 2750 554 2806 confestim
569 2748 703 2822 subsequi
715 2748 795 2805 dioit.

282 2824 383 2882 XXX.
424 2825 546 2893 Basilus,
561 2836 593 2882 ut
606 2825 775 2902 imperatum
793 2836 846 2898 est,
861 2827 946 2886 facit:
967 2825 1096 2886 eeleriter
1116 2839 1233 2886 eontra*

120 2911 136 2978 Ἰ
241 2922 297 2979 que
322 2901 451 2962 omnium
475 2902 639 2980 opinionem
666 2904 798 2976 oouieoto
824 2904 936 2980 itinere,
962 2906 1064 2964 multos
1090 2905 1123 2964 in
1153 2906 1225 2982 agris

242 2983 423 3059 inopinantes
431 2981 635 3060 deprehendit3
656 3002 754 3042 eorum
764 2983 916 3043 indioioad
928 2985 1020 3062 ipsum
1030 2984 1225 3061 Ambiorigem

242 3061 400 3129 contendit,
411 3081 471 3136 *quo
491 3062 521 3120 in
541 3062 605 3122 loeo
618 3081 685 3120 oum
704 3063 804 3140 paneis
824 3063 967 3139 equitibus
986 3083 1049 3124 esse
1070 3063 1224 3123 dioebntur.

190 3137 227 3192 35
243 3137 380 3206 Multum,
393 3158 481 3214 quum
504 3140 535 3198 in
557 3140 690 3202 omnibus
709 3141 805 3210 rebus,
819 3152 880 3200 turn
904 3143 934 3200 in
957 3162 988 3200 re
1008 3142 1125 3201 militari
1138 3151 1226 3218 potest

243 3218 364 3278 fortuna.
405 3215 483 3275 Nam
501 3218 575 3276 siout
595 3237 700 3295 msgno
714 3220 913 3288 scalditum,
928 3221 1003 3280 utin
1025 3220 1118 3297 ipsum
1132 3221 1226 3280 inean·

242 3310 304 3358 tum
318 3307 402 3375 atque
414 3295 503 3355 etiam
516 3296 685 3373 imparatum
699 3298 849 3368 incideret,
863 3297 999 3376 priusque
1011 3300 1073 3374 ejus
1091 3299 1226 3357 adventus

243 3378 280 3434 ab
293 3377 457 3436 hominibus
469 3376 620 3445 videretur,
634 3375 720 3466 quim
734 3377 810 3467 lami
823 3398 859 3437 ao
874 3378 988 3438 nunoiis
1002 3377 1169 3466 afferretur3
1191 3377 1226 3435 sio

192 3526 229 3580 a
243 3455 1105 3612 inmittit:‘'tdrmltt'nll'tdsstmtd
1119 3473 1227 3610 w

244 3607 370 3683 effugere
393 3625 521 3673 mortem.
564 3613 622 3670 Sed
644 3613 699 3672 hoe
722 3612 757 3672 ed
786 3615 893 3674 faotum
918 3622 971 3679 em,
995 3609 1083 3686 qubd,
1109 3612 1227 3670 aedilioio

243 3684 423 3747 circumdato
448 3693 536 3768 sylvi,
564 3690 610 3768 (ut
639 3703 706 3751 sunt
733 3691 792 3750 sere
816 3691 961 3750 domicilia
986 3689 1145 3760 Gallorum,
1170 3689 1227 3765 qui,

244 3763 353 3821 vitandi
364 3767 449 3850 estur
462 3771 561 3838 oanni,
575 3769 742 3846 plerumque
755 3770 897 3847 sylvarum
918 3788 953 3828 ao
967 3769 1117 3851 fluminum
1130 3776 1229 3845 petunt

241 3841 492 3924 propinquitatem)
516 3848 635 3908 domitos
657 3848 866 3924 familiaresque
886 3848 950 3926 ejus
973 3859 1095 3928 angusto
1114 3847 1145 3909 iu
1167 3846 1228 3906 loro
