2590 4424
212 349 253 409 34
572 343 620 394 na
636 343 753 394 semo
770 341 926 394 ssamoo

262 484 375 553 cuchis,
408 486 598 564 signiferoque
627 483 784 551 mtertseto,
811 483 893 560 signo
923 483 1036 552 amisso,
1071 486 1260 564 reliquarum

262 563 421 622 cohortium
446 565 578 624 omnibus
600 561 659 621 lere
685 560 900 619 centurionibus
925 572 974 619 aut
999 561 1182 635 vulneratis,
1216 583 1259 626 aut

261 641 375 710 occisis,
397 641 427 702 iu
450 644 496 702 lais
514 641 670 720 primopilc
691 639 724 696 P.
746 639 844 698 Sextio
863 639 980 707 Baculo,
1002 640 1169 702 brtissimo
1192 647 1257 714 viro,

262 720 359 780 multis
378 721 565 799 gravibusque
585 716 747 776 vulneribus
767 717 954 785 coniectent
970 717 1030 793 jam
1052 737 1085 776 se
1107 724 1258 783 sustinere

235 803 321 859 buon
341 811 443 878 posset,
463 797 584 872 reliquos
597 813 660 852 esse
679 796 834 866 tardiores,
854 806 884 853 et
896 796 1048 854 nonnullos
1069 799 1110 855 ab
1132 803 1257 860 novissi.

262 878 318 936 mis
334 879 458 937 desertus
470 873 566 950 pretio
584 874 723 932 excedere
744 893 778 932 ac
797 873 854 931 tela
873 874 977 943 ritare;
999 875 1099 933 hostes
1118 897 1225 956 neque
1244 902 1257 939 a

263 956 354 1015 l'ronte
372 974 408 1011 ex
421 951 552 1010 inferiore
564 951 628 1010 loco
647 953 801 1012 subeuntes
814 951 1009 1020 intermittere,
1023 963 1054 1010 et
1068 955 1109 1011 ab
1130 969 1256 1035 utroque

262 1033 349 1090 latere
362 1032 465 1088 instare
477 1049 484 1100 ;
504 1041 606 1089 strena
619 1050 681 1090 esse
695 1031 725 1089 in
739 1040 859 1106 angusto
871 1029 950 1098 vidit,
969 1049 1064 1106 neque
1077 1033 1180 1092 ullum
1195 1057 1255 1096 esse

261 1107 429 1174 subsidium,
451 1109 527 1183 quod
550 1109 677 1166 submitti
700 1119 813 1185 posset:
844 1119 925 1166 scuto
948 1109 985 1165 ab
1009 1109 1185 1171 novissimis
1208 1119 1254 1174 uni

218 1191 252 1245 to
261 1185 344 1246 militi
363 1186 498 1253 detracto,
519 1185 595 1260 qudd
609 1187 669 1262 ipse
689 1185 724 1244 ed
742 1185 805 1243 sine
825 1196 907 1244 scuto
925 1198 1052 1254 venerat,
1073 1187 1107 1246 in
1126 1192 1254 1266 primam

262 1265 354 1324 eciem
372 1265 517 1344 processit,
535 1264 803 1340 centurionibusque
814 1263 990 1332 ,nominatim
1004 1265 1174 1340 appellatis,
1191 1273 1254 1329 reli-

260 1363 331 1418 quos
353 1346 514 1402 cohortatus
536 1341 651 1408 milites,
674 1342 758 1418 signa
780 1341 884 1399 inferre
907 1352 937 1400 ct
958 1343 1123 1419 manipulos
1152 1347 1253 1408 laxare

257 1421 350 1508 jussit,
373 1419 430 1496 qud
453 1417 566 1477 sacilids
585 1419 688 1494 gladiis
708 1420 749 1477 uti
771 1429 894 1496 possent
936 1420 1027 1496 Cujus
1048 1422 1183 1482 adventu
1204 1449 1251 1504 spe

259 1497 337 1554 iltau
357 1497 502 1565 militibus,
518 1517 552 1556 ae
571 1497 762 1574 redintegrato
782 1498 887 1566 animo,
900 1517 988 1573 quum
1000 1518 1052 1574 pro
1072 1519 1105 1557 se
1126 1504 1248 1580 quisque

215 1571 289 1630 isin
322 1585 478 1650 conspectu
504 1576 689 1652 imperatoris,
716 1577 802 1634 etiam
832 1575 862 1632 in
888 1577 1022 1634 extremis
1052 1578 1113 1635 suis
1148 1583 1246 1650 rebus,

166 1721 171 1728 .
258 1669 373 1728 operam
397 1671 501 1712 navare
527 1666 674 1731 cuperent,
696 1652 813 1732 paulirm
826 1654 950 1713 hostium
970 1654 1093 1732 impetus
1115 1661 1246 1719 tardatus

258 1740 310 1788 eet,

296 1807 410 1868 XXVI.
451 1810 559 1881 Cesar,
589 1831 677 1889 quum
709 1812 858 1889 septimam
884 1811 1035 1888 legionem,
1063 1830 1129 1888 quae
1162 1817 1245 1892 juxti

257 1887 431 1963 constiterat,
455 1893 523 1950 item
543 1893 638 1981 urgeri
661 1891 697 1948 ab
720 1892 799 1950 hoste
821 1890 947 1958 vidisset,
968 1890 1097 1948 tribunos
1118 1893 1244 1953 rnilitum

212 1965 376 2034 wmonuit,
390 1980 422 2026 ut
438 1969 575 2046 paulatim
595 1988 657 2027 sese
677 1967 704 2026 le
725 1968 804 2026 'ones
823 1967 1039 2044 conjungerent,
1053 1978 1083 2026 et
1101 1987 1244 2032 conversa

257 2043 280 2102 ε’
323 2063 340 2102 e
359 2045 389 2104 in
410 2047 662 2106 hostesinlerrent
735 2065 772 2103 uo
795 2047 880 2113 lecto,
900 2064 986 2121 quum
1010 2046 1082 2125 alius
1101 2047 1153 2104 alii
1178 2052 1233 2109 sub

257 2119 361 2180 elium
381 2124 495 2193 ferrent,
516 2143 608 2200 neque
627 2123 769 2192 timerent,
788 2141 824 2181 ne
846 2124 935 2181 aversi
956 2124 992 2181 eb
1015 2117 1243 2186 hoste‘circum·

256 2199 429 2272 venirentur,
450 2201 587 2261 audecida
609 2201 740 2260 resistere
758 2220 793 2259 ac
813 2199 912 2258 lortids
931 2221 1058 2278 pugnare
1079 2219 1242 2278 ooeperum.

229 2341 232 2348 ,
257 2275 377 2338 Interim
396 2282 501 2339 milites
517 2281 661 2357 legionum
675 2281 806 2346 duarum,
821 2298 884 2354 quae
904 2279 935 2336 in
954 2277 1107 2337 notissimo
1125 2283 1242 2356 agmins

212 2359 248 2414 25
256 2357 387 2448 presidio
396 2358 606 2436 impedimentis
616 2359 738 2426 fuerant,
749 2357 845 2434 prelio
855 2357 1001 2424 nunciato,
1011 2375 1097 2414 cursu
1108 2357 1240 2430 incitato,

257 2452 287 2491 m
300 2438 490 2494 summocolle
501 2437 537 2494 ab
550 2436 677 2495 hostibus
687 2436 943 2516 conspiciebantur.
984 2434 1022 2493 Et
1030 2435 1068 2492 Τ.
1080 2435 1239 2506 Labienus,

257 2513 357 2572 castris
371 2515 493 2573 hostium
502 2515 617 2593 potitus,
631 2527 660 2572 et
669 2534 706 2572 ex
718 2515 782 2574 loco
791 2513 944 2590 superiore,
958 2532 1080 2588 queres
1093 2515 1124 2572 in
1135 2517 1240 2575 nostris

257 2591 356 2650 eastris
375 2605 550 2670 gererentur,
569 2594 760 2672 conspicatus,
781 2593 922 2650 decimam
950 2591 1092 2667 legionem
1110 2594 1240 2654 subsidio

258 2670 358 2730 nostris
371 2671 456 2729 misit.
503 2672 576 2741 Qui,
590 2692 678 2749 quum
697 2691 734 2730 ex
753 2671 880 2746 equitum
893 2680 922 2727 et
934 2669 1067 2726 calonum
1088 2669 1166 2746 fugai,
1182 2693 1240 2748 quo

213 2751 249 2806 30
258 2748 288 2806 iu
301 2749 363 2806 loco
382 2768 428 2806 res
441 2761 524 2819 esset,
545 2761 705 2826 quantoque
727 2749 756 2806 in
770 2747 896 2823 periculo
909 2758 938 2804 et
960 2758 1054 2805 castre
1067 2759 1096 2806 et
1109 2749 1240 2824 legiones

256 2835 285 2882 et
298 2826 448 2901 imperator
456 2838 623 2900 versaretur,
637 2826 845 2902 cognovissent,
857 2825 928 2883 nihil
942 2827 978 2883 ud
993 2825 1168 2898 celeritatem
1183 2829 1239 2887 sibi

180 2915 185 2924 '
256 2903 357 2980 reliqui
370 2905 508 2963 lecerunt.
1279 2919 1280 2970 i

295 2982 425 3040 XXVII.
467 2983 578 3043 Horum
607 2984 747 3043 adventul
760 2993 840 3040 tante
862 3001 956 3041 rerum
983 2983 1168 3041 commutatio
1195 2997 1239 3044 est
1279 2979 1280 3060 l

257 3061 341 3129 lecta,
355 3071 386 3118 ut
406 3062 503 3129 nostri,
517 3061 604 3119 etism
623 3061 672 3137 qui
685 3061 848 3118 vulneribus
868 3060 991 3120 conlecti
1006 3061 1237 3135 procubuissent,

209 3141 245 3196 35
256 3139 343 3196 scutis
357 3139 457 3207 innixi,
476 3139 604 3215 prelium
623 3139 864 3214 redintegrarent;
885 3149 946 3196 tum
959 3139 1084 3205 calones,
1105 3141 1239 3214 perterri-

256 3227 299 3276 tos
321 3219 416 3276 hostes
438 3215 605 3294 conspicati,
632 3216 718 3274 etium
745 3217 867 3274 inermes
891 3216 1006 3276 armatis
1032 3231 1236 3289 occurrerent;

256 3295 364 3372 equites
383 3293 459 3364 verd,
474 3305 505 3352 ut
518 3295 721 3372 turpitudinem
742 3295 816 3371 fuge
830 3295 931 3353 virtute
951 3295 1237 3361 delerent,‚omnibus
1278 3319 1279 3346 t

255 3373 285 3430 in
298 3374 369 3433 locis
381 3394 483 3452 pugne
497 3393 527 3432 se
540 3374 702 3448 legionariis
712 3373 849 3432 militibus
861 3374 1034 3450 preferrent.
1076 3373 1116 3430 At
1130 3374 1234 3442 hostes,

254 3451 340 3516 etiam
362 3454 392 3510 in
410 3452 536 3512 extremi
550 3471 599 3527 spe
620 3452 728 3519 salutis,
750 3462 858 3511 tentam
879 3453 1011 3511 virtutem
1031 3452 1232 3526 prestiterunt,

210 3531 294 3596 aeut,
309 3549 396 3606 quum
417 3532 500 3607 primi
520 3549 618 3588 eorum
638 3529 820 3600 cecidissent,
833 3531 954 3608 proximi
972 3529 1135 3606 jacentibus
1153 3531 1233 3589 insis-

254 3615 354 3674 terent,
370 3617 453 3682 atque
467 3630 503 3667 ex
515 3607 612 3668 eorum
632 3609 796 3686 corporibus
808 3617 985 3686 pugnarent3
1007 3607 1052 3664 his
1072 3607 1190 3683 dejectis
1205 3623 1233 3667 et
1277 3671 1278 3678 ,

255 3685 427 3748 coacervetis
447 3687 643 3760 cadaveribus,
664 3687 712 3764 qui
733 3695 923 3763 superessent,
937 3695 969 3742 ut
988 3703 1024 3742 ex
1045 3686 1163 3759 tumulo,
1177 3688 1232 3745 tels
1277 3713 1278 3754 3

255 3762 285 3820 in
305 3775 412 3824 nostros
425 3765 599 3842 conjicerent
619 3777 648 3824 et
666 3767 725 3841 pila
738 3767 895 3837 intercepta
915 3763 1106 3842 remitterent:
1127 3766 1231 3822 tit'non

256 3843 443 3920 nequidquam
469 3854 555 3903 tante
576 3842 686 3900 virtutis
711 3839 841 3896 homines
860 3837 984 3911 judicari
1011 3839 1128 3897 deberet
1151 3859 1232 3901 susos
