2564 4422
184 337 239 398 uu
554 334 606 384 nn·
619 333 736 384 nunno
754 332 913 384 eunuco
1010 307 1014 315 ’

230 477 409 545 militaribus,
432 495 510 536 raros
532 476 645 544 milites,
669 494 707 534 ne
727 495 764 534 ex
783 474 888 552 oppido
910 473 1206 542 animadverterentur,

230 575 266 614 ex
291 555 445 632 majoribus
467 555 567 612 castris
591 555 620 611 in
644 554 755 612 minora
780 553 921 622 traducit;
951 552 1121 628 legatisque,
1146 573 1207 629 quos

230 634 351 710 singulis
372 631 533 709 legionibus
553 632 728 709 prefecerat,
749 631 818 706 quid
839 630 901 688 lieri
922 631 999 697 velit,
1019 631 1164 689 ostendit:
1183 631 1207 688 in

229 712 329 789 prImis
349 723 455 778 monet,
469 721 500 768 ut
513 711 679 769 contineant
698 709 813 778 milites,
827 728 865 766 ne
879 708 972 766 studio
992 709 1153 784 pugnandi,
1167 720 1208 766 aut

161 821 162 830 ¹
197 800 216 853 5
231 810 280 866 spe
293 791 406 866 praede,
424 786 538 864 longius
549 788 785 864 progrediantur:
805 786 874 863 quid
893 786 1028 863 iniquitas
1039 787 1097 844 loci
1111 789 1207 846 habeat

221 869 413 946 incommodi,
434 867 580 944 proponit:
602 867 656 924 hoc
676 867 736 924 unt
755 865 900 924 celeritate
920 883 1002 942 posse
1016 865 1113 924 vitari:
1133 885 1208 924 occa·

231 947 318 1006 sionis
339 966 401 1005 esse
427 965 497 1013 rem,
518 965 576 1003 uon
597 944 696 1022 prelii.
742 943 798 1002 His
823 945 909 1001 rebus
931 943 1077 1020 expositis,
1101 945 1207 1020 signum

10 1071 11 1076 1
231 1026 290 1094 dat,
303 1036 333 1083 et
346 1024 383 1082 ab
406 1025 616 1101 dexteriparte
630 1023 685 1082 alio
706 1041 827 1081 ascensu
839 1023 941 1081 eodem
964 1032 1091 1099 tempore
1105 1023 1207 1082 AEduus

10 1107 11 1152 f
229 1104 324 1162 mittit
441 1157 442 1164 ,
938 1124 941 1129 =

10 1181 12 1272 Ξ
182 1191 216 1244 10
270 1177 380 1240 XLVI.
421 1181 529 1259 Oppidi
549 1201 647 1240 murus
663 1181 698 1238 ab
719 1178 835 1255 planitie
858 1189 941 1256 atque
965 1179 1047 1237 initio
1068 1180 1206 1247 ascensis,

231 1263 310 1320 recti
331 1260 458 1338 regione,
472 1261 496 1318 si
517 1259 777 1319 nullusanlractus
790 1257 990 1337 intercederet,
1012 1255 1099 1316 MCC
1115 1277 1207 1336 passus

166 1329 169 1338 ’
232 1340 338 1398 aberat.
391 1339 541 1413 Quidquid
568 1338 636 1395 huic
662 1336 799 1394 circuitis
826 1337 863 1396 ad
891 1337 1086 1413 molliendum*
1109 1336 1207 1394 clivum

61 1465 63 1473 .
232 1427 402 1483 accesserat,
416 1418 446 1474 id
466 1415 588 1491 spatium
609 1414 718 1472 itineris
739 1415 871 1492 augebat.
914 1415 942 1472 A
956 1414 1049 1474 medio
1066 1413 1127 1476 lere
1141 1415 1207 1474 colle

232 1494 261 1550 in
275 1494 493 1569 longitudinem,
508 1504 539 1551 ut
552 1504 654 1551 nature
667 1492 771 1551 montis
785 1493 902 1561 ferebat,
916 1511 953 1551 ex
965 1492 1121 1569 grandibus
1139 1493 1208 1552 saxis

183 1579 217 1634 15
231 1591 281 1630 ser
294 1573 399 1647 pedum
412 1591 535 1640 murum,
549 1572 599 1647 qui
612 1582 771 1650 nostrorum
785 1571 922 1648 impetum
937 1572 1071 1639 tardaret,
1085 1573 1208 1647 praedur-

107 1651 110 1658 “
231 1649 410 1718 erautGalli,
430 1659 523 1726 atque,
546 1649 678 1708 inferiore
692 1649 770 1708 omni
788 1650 879 1726 spatio
899 1667 990 1708 vacuo
1010 1649 1119 1719 relicto,
1134 1669 1208 1726 supe·

173 1751 174 1758 ¹
231 1729 334 1786 riorem
359 1738 469 1804 partem
496 1727 690 1804 collisusque
717 1728 753 1785 ad
779 1725 891 1785 murtim
917 1729 1013 1804 oppidi
1040 1728 1208 1786 densissimis

232 1807 334 1866 castris
346 1806 563 1883 compleverant.
604 1804 722 1873 Milites,
737 1806 804 1864 dato
816 1805 907 1882 signo,
923 1806 1054 1864 celeriter
1075 1808 1111 1863 ad
1124 1806 1209 1864 muni·

232 1885 338 1944 tionem
348 1884 526 1961 perveniunt,
537 1903 657 1959 eamque
670 1883 847 1960 transgressi,
858 1883 940 1942 trinis
950 1884 1052 1942 caenis
1061 1884 1207 1960 potiuntur.

182 1969 219 2024 2⁰
234 1965 373 2027 Actanta
393 1964 446 2021 suit
466 1963 496 2020 in
517 1962 666 2039 capiendis
685 1961 787 2020 castris
808 1961 948 2030 celeritas,
971 1972 1003 2034 nt
1015 1961 1207 2036 Teutomatus,

232 2061 284 2100 rex
303 2042 507 2124 Nitiobrigum,
521 2039 616 2100 subitd
630 2039 660 2098 in
681 2039 865 2099 tabernaculo
877 2059 1038 2116 oppressus,
1052 2051 1085 2099 ut
1097 2041 1208 2100 meridie
1269 2083 1270 2094 ,

232 2121 443 2194 conquieverat,
477 2120 621 2196 superiore
653 2119 778 2195 corporis
810 2130 889 2196 parte
916 2119 1034 2188 nudati,
1069 2120 1209 2179 vulnerato
1269 2115 1270 2140 ¹

232 2215 316 2270 equo,
329 2197 376 2253 rix
389 2217 419 2254 se
432 2217 469 2254 er
481 2198 613 2257 manibus
625 2197 814 2273 praedantium
826 2193 949 2256 militum
962 2198 1092 2274 eriperet.

272 2273 398 2332 XLVII.
440 2275 619 2334 Consecutus
640 2275 679 2347 id,
693 2275 768 2352 quod
787 2276 883 2334 animo
901 2288 1097 2353 proposuerat,
1118 2277 1209 2336 Cesar

10 2313 15 2400 l
182 2355 218 2410 25
234 2352 361 2428 receptui
387 2353 454 2411 cuni
480 2352 585 2430 jussit;
618 2353 794 2430 legionisque
824 2354 954 2422 decimae,
984 2356 1042 2431 qui
1069 2366 1130 2413 tum
1154 2365 1210 2414 erat
1264 2404 1266 2417 .

201 2476 210 2493 .
233 2429 393 2500 comitatus,
408 2431 491 2508 sigua
504 2432 668 2492 consistere.
710 2433 750 2491 At
763 2433 933 2508 reliquarum
947 2433 1209 2510 militeslegiouum,
1263 2471 1267 2489 .

177 2575 181 2582 Δ
232 2527 291 2567 nou
304 2511 439 2569 exaudito
448 2512 523 2569 tubae
535 2531 614 2579 sono,
627 2509 704 2586 qudd
715 2510 784 2569 satis
794 2529 899 2588 magna
909 2511 996 2570 valles
1009 2512 1209 2578 intercedebat,

10 2633 12 2654 ,
80 2655 86 2666 ν
185 2598 217 2690 t,
232 2598 328 2648 tamen
343 2589 652 2674 abutribunismilitum
673 2589 838 2666 legatisque,
853 2599 884 2648 ut
897 2600 966 2655 ,erat
979 2573 1211 2666 a⁶Cesarepre=
1244 2637 1247 2646 .

10 2659 17 2744 l
182 2697 190 2719 0
208 2669 218 2690 ὁ
232 2678 357 2743 ceptum,
369 2651 580 2726 re‘llnebantur:
601 2669 651 2726 sed
660 2668 726 2726 eluti
737 2687 786 2744 spe
796 2667 898 2726 celeris
912 2668 1045 2740 victorie,
1054 2680 1083 2726 et
1091 2669 1210 2727 hostium

10 2749 14 2819 'q
93 2747 217 2827 ’ψ
233 2746 310 2820 fingi,
331 2727 562 2821 superiorumque
582 2757 740 2821 temporum
762 2746 896 2812 secundis
914 2746 1026 2822 preliis,
1045 2745 1118 2802 nihil
1141 2745 1211 2806 adet

10 2829 13 2856 ⁸
55 2834 171 2920 ἡ
232 2822 353 2880 arduum
367 2822 421 2904 sibi
434 2823 643 2890 existimabant,
655 2825 730 2897 quod
743 2843 801 2881 non
814 2823 917 2881 virtute
931 2822 1063 2898 consequi
1075 2834 1211 2899 possent;

231 2897 429 2981 nequog'prids
455 2899 554 2958 finem‘
568 2901 705 2976 sequendi
732 2902 871 2970 fecerunt,
898 2902 984 2977 quum
1009 2920 1091 2960 muro
1117 2901 1211 2979 oppidi

230 2977 373 3055 portisque
400 2978 664 3055 appropinquarent·
718 2979 796 3036 Turn
823 2978 889 3038 verd
916 3000 954 3040 ex
977 2979 1111 3038 omnibus
1137 2982 1211 3038 urbis

230 3057 358 3132 partibus
371 3068 433 3116 orto
446 3055 578 3126 claffiore,
592 3059 641 3133 qui
654 3055 768 3133 longius
789 3057 916 3132 aberant,
930 3059 1079 3135 repentino
1092 3059 1211 3118 tumultu

181 3137 216 3192 35
231 3135 381 3211 perterriti,
402 3135 489 3209 quuln
506 3137 616 3194 hostem
634 3136 708 3193 intra
728 3146 823 3212 portas
842 3156 905 3194 esse
926 3137 1132 3206 existimarent,
1153 3156 1211 3194 sese

230 3231 268 3274 ex
279 3212 383 3289 oppido
396 3211 550 3288 ejecerunt.
592 3212 701 3271 Matres
714 3214 828 3272 familie
841 3215 877 3272 de
899 3234 979 3273 muro
991 3227 1101 3274 vestem
1116 3235 1211 3292 argeu-

229 3302 346 3368 tumque
357 3291 515 3368 jactabant,
526 3300 554 3349 et
566 3291 689 3367 pectoris
699 3292 757 3350 line
767 3292 969 3368 prominentes,
983 3294 1075 3370 passis
1082 3293 1210 3352 manibus
1269 3305 1270 3346 1

230 3363 444 3430 obtestabi‘ntur
457 3369 615 3439 Romanos,
629 3385 661 3429 ut
678 3370 733 3428 sibi
746 3382 905 3448 parcerent,
919 3391 986 3439 neu,
1008 3372 1083 3430 sicut
1097 3371 1210 3430 Avarici
1269 3401 1270 3432 f

232 3449 375 3518 fecissent,
389 3469 426 3508 ne
444 3446 609 3506 mulieribus
622 3449 737 3525 quidem
758 3459 842 3524 atque
855 3450 1013 3508 infantibus
1027 3450 1209 3510 abstinerent
1269 3493 1270 3520 3

180 3526 217 3580 4⁰
232 3523 396 3600 Nonnullae,
429 3533 495 3584 e'm
516 3526 556 3584 ris
575 3547 625 3604 per
644 3546 747 3586 manus
760 3528 901 3597 demisse,
917 3547 979 3586 sese
1001 3528 1141 3587 militibus
1161 3540 1211 3588 tra-
1269 3533 1270 3568 ³

10 3613 12 3650 l
232 3600 346 3660 debant.
427 3650 433 3665 .
461 3546 578 3686 deius,
605 3606 735 3665 centurio
763 3603 884 3682 legionis
910 3602 1003 3674 VIII,
1028 3625 1115 3682 quem
1143 3608 1211 3666 inter
1269 3609 1272 3668 l

10 3655 13 3748 l
231 3696 298 3736 suos
317 3698 352 3767 po
377 3683 424 3740 die
448 3682 552 3742 dixisse
576 3684 734 3752 constabat,
763 3683 907 3742 ‘Excitari
930 3704 962 3742 se
989 3686 1211 3754 Avaricensibus
1271 3725 1272 3728 =

10 3755 16 3864 p
230 3773 364 3832 premiis,
390 3777 482 3832 neque
515 3756 740 3820 commissurum'
764 3773 795 3820 ut
839 3760 900 3821 riirs
925 3763 1074 3839 quisquam
1102 3782 1212 3822 murum

10 3897 17 4024 ἰ
231 3828 417 3906 uenderet:
431 3845 567 3896 nessuos
580 3849 682 3900 nactus
702 3841 799 3918 manip
830 3859 903 3910 mes,
918 3850 1003 3916 atque
1017 3842 1054 3904 ab
1073 3842 1110 3904 iis
1123 3841 1213 3903 suble·
1271 3895 1272 3916 ,
