2564 4422
504 353 773 406 mensurnus.
1141 361 1182 424 ω

182 496 270 556 XIII.
312 496 350 554 In
370 495 451 555 omni
468 497 565 555 *uadit
583 455 682 554 sonim
702 470 861 564 burdinum,
878 497 927 573 qui
949 498 1044 574 aliquo
1064 509 1131 558 sunt

134 596 260 638 ‚numero
288 586 374 651 atque
398 576 514 641 honore,
535 592 642 650 genere
667 584 734 632 sunt
756 575 833 633 duc:
861 594 930 634 nam
954 577 1035 654 plebs
1055 576 1130 654 pend

141 673 285 713 servorum
313 654 435 712 habetur
461 653 534 720 loco,
560 671 623 727 que
649 671 754 728 perse
780 653 852 711 nibil
879 655 974 723 audet,
1000 666 1030 715 et
1052 655 1131 714 nullo

141 733 294 792 adhibetur
307 732 437 790 consilio.
478 731 621 805 Plerique,
635 749 722 805 quum
737 741 786 788 aut
803 751 859 790 ere
873 732 977 800 alieno,
991 745 1041 790 aut
1052 753 1131 810 mag-
1149 769 1170 782 ψ

138 811 272 870 nitudine
286 811 465 876 tributorum,
480 819 530 866 aut
551 809 655 884 injuriat
667 811 857 886 potentiorum
877 821 1054 888 premuntur,
1068 831 1130 870 sese
1156 822 1175 876 5

140 889 173 948 in
186 889 351 947 servitutem
364 889 462 946 dicant
470 887 631 945 nobilibus:
652 887 682 944 in
697 889 748 946 bos
758 890 860 947 eedem
872 889 970 948 omnia
983 901 1049 946 sunt
1055 889 1130 964 jura,

141 987 208 1042 quae
222 966 345 1025 dominis
358 967 388 1023 in
396 985 499 1024 servos.
542 966 601 1022 Sed
611 966 648 1023 de
663 966 707 1022 bis
720 968 831 1026 duobus
843 969 998 1044 generibus
1012 968 1132 1026 alterum

143 1056 191 1104 est
204 1044 357 1112 Druidum,
372 1045 489 1102 alterum
509 1043 655 1118 Equitum.
697 1043 744 1102 Illi
764 1046 850 1102 rebus
862 1047 966 1104 divinis
979 1048 1154 1116 intersunt„

144 1123 290 1182 sacrificia
302 1120 417 1198 publica
430 1141 463 1180 ac
476 1122 585 1198 privata
598 1133 760 1198 procurant,
775 1123 927 1200 religiones
945 1125 1131 1201 interpretan-

143 1212 201 1259 tur.
222 1265 225 1270 ,
244 1201 293 1257 Ad
302 1201 352 1258 hos
365 1219 483 1277 magnus
494 1193 863 1260 adolescentiumisumerus
873 1203 1031 1278 discipline
1041 1202 1130 1260 causa
1141 1211 1175 1265 10

141 1279 301 1346 concurrit,
315 1297 473 1354 magnoque
484 1278 513 1336 'ii
527 1289 593 1336 sun*
609 1279 683 1355 {pud
703 1298 752 1336 eos
765 1280 880 1339 bonore.
921 1281 998 1339 Nam
1020 1281 1079 1338 lere
1093 1281 1130 1339 de

139 1358 277 1416 omnibus
298 1357 496 1416 controversiis
508 1356 631 1432 publicis
650 1357 822 1434 privatisque
838 1360 1031 1430 constituunt3
1052 1370 1092 1427 et,
1105 1359 1130 1416 si

141 1437 218 1512 quod
231 1446 275 1494 est
288 1436 444 1514 admissum
466 1435 587 1502 lucinus,
606 1435 630 1492 si
651 1437 745 1494 cedes
759 1438 844 1504 fecta,
858 1439 883 1496 si
896 1439 932 1498 de
954 1438 1129 1505 hereditate,

142 1515 170 1572 si
196 1515 232 1572 de
258 1511 372 1571 linibus
388 1513 581 1574 contmversia
606 1524 659 1582 est,
687 1514 774 1586 iidem
801 1517 980 1587 decemunt3
1013 1516 1131 1593 premia

142 1611 301 1669 poenasque
314 1593 505 1652 constituunt:
527 1593 551 1660 si
564 1592 613 1668 qui
628 1601 677 1649 aut
689 1593 814 1667 privatus
825 1606 874 1651 aut
887 1596 1019 1669 publicus
1031 1613 1130 1654 eorum
1142 1604 1175 1657 15

121 1687 124 1691 ’
142 1671 263 1728 decreto
282 1690 339 1728 non
352 1671 437 1739 stetit,
460 1671 610 1729 sacrificiis
631 1670 826 1728 interdicunt?
857 1671 930 1728 Haec
950 1691 1036 1747 prena
1057 1672 1131 1747 apud

141 1770 195 1808 eos
215 1759 258 1808 est
277 1749 450 1826 gravissima.
496 1749 613 1813 Quibus
634 1749 675 1806 ita
694 1759 738 1806 est
755 1749 957 1822 interdictum,
974 1749 995 1806 ii
1013 1767 1132 1808 numero

134 1829 294 1908 ¹impiorum
319 1847 353 1886 ac
379 1829 582 1886 sceleratorum
609 1829 768 1897 habentur3
797 1827 832 1884 iis
854 1847 954 1886 omnes
977 1828 1131 1900 decedunt,

141 1907 252 1966 aditum
265 1927 364 1965 eorum
378 1925 594 1982 sermonemque
607 1905 768 1982 defugiunt,
779 1922 819 1963 ne
830 1906 898 1981 quid
911 1926 948 1964 ex
960 1906 1131 1980 contagione

140 1986 317 2046 incommodi
329 1986 490 2062 accipiant:
511 2004 603 2060 neque
614 1984 650 2042 iis
662 1985 824 2060 petentibus
831 1985 879 2061 jus
891 1985 1028 2051 redditur,
1039 2002 1131 2059 neque
1140 1993 1177 2048 m

141 2067 232 2126 honos
255 2065 330 2122 ullus
350 2065 588 2122 communicatur.
629 2063 685 2122 His
705 2071 801 2123 autern
820 2065 954 2122 omnibus
974 2063 1138 2125 Druidibus.

140 2153 244 2222 preest
258 2163 342 2211 unus,
353 2144 403 2219 qui
414 2162 554 2202 summam
569 2142 642 2200 inter
655 2163 704 2200 eos
718 2144 804 2202 habet
818 2143 1024 2202 auctoritatem.
1066 2141 1132 2200 Hoc

140 2234 264 2290 mortuo,
286 2223 311 2280 si
333 2223 383 2297 qui
403 2241 440 2282 er
460 2221 576 2296 reliquis
598 2222 712 2281 excellit
735 2223 884 2298 dignitate,
908 2223 1053 2281 succedit:
1083 2232 1132 2280 aut

140 2302 169 2360 si
183 2313 249 2360 sunt
261 2300 357 2377 plures
370 2299 610 2376 pares,'suffregio
621 2300 763 2358 Druidum
771 2301 914 2376 deligitur,
926 2319 1131 2376 nonnunquam

141 2381 232 2438 etiam
254 2379 339 2438 armis
358 2381 394 2436 de
415 2379 578 2456 principatu
599 2380 785 2442 contendunt.
828 2379 868 2436 lli
888 2390 967 2436 certo
981 2379 1049 2436 anni
1062 2383 1176 2438 tem-25
1267 2412 1281 2450 2

141 2477 213 2536 pore
239 2459 269 2516 in
293 2457 399 2517 linibus
425 2457 596 2525 Carnutum,
617 2476 680 2532 quas
703 2457 783 2533 regio
805 2455 892 2514 totius
911 2456 1015 2530 Gallie
1036 2456 1133 2513 media

110 2557 114 2564 ·
134 2537 276 2606 babetur,
290 2538 444 2596 considunt
457 2537 488 2594 in
505 2532 572 2594 loco
584 2546 761 2594 consecrato.
802 2533 870 2592 Huc
883 2552 983 2590 omnes
996 2533 1131 2606 undique,

143 2615 195 2691 qui
228 2617 433 2676 controversias
466 2616 583 2683 babent,
609 2613 798 2680 conveniunt,
832 2629 985 2686 eorumque
1017 2608 1133 2685 judiciis

82 2718 94 2742 ι
142 2695 324 2771 decretisque
344 2687 466 2771 parent)
503 2693 664 2770 Disciplina
685 2693 715 2750 in
736 2691 885 2753 Britannilt
905 2699 1026 2766 reperta,
1049 2698 1153 2764 atque.
1236 2711 1238 2714 ·

142 2773 213 2832 inde
242 2775 272 2831 in
299 2774 423 2832 Galliam
451 2773 589 2831 translata
609 2792 672 2830 esse
700 2771 893 2831 existimatur:
922 2780 951 2828 et
971 2787 1060 2839 nunc,
1084 2766 1178 2842 quito

142 2849 312 2930 diligentius
320 2872 384 2910 eam
392 2872 452 2911 rem
463 2870 637 2928 cognoscere
649 2851 755 2919 volunt,
766 2849 932 2928 plerumque
943 2848 992 2907 illd
1003 2846 1134 2905 discendi

143 2933 234 2990 taust
248 2931 477 3007 proficiscuntur.

124 3017 134 3032 ⁶
182 3010 270 3069 xlv.
313 3010 438 3070 Druides
459 3030 476 3068 a
496 3009 571 3066 bello
593 3008 693 3066 abesse
713 3007 899 3074 cousudmnt
915 3024 1008 3082 neque
1029 3004 1135 3063 tributa

39 3151 41 3156 ,
143 3089 203 3148 una
227 3107 295 3147 cum
317 3089 433 3164 reliquis
452 3088 597 3166 pendunt;
626 3086 734 3144 militie
756 3087 934 3148 vacationem
951 3085 1134 3156 omniumque

143 3188 241 3234 rerum
255 3168 363 3226 habent
381 3167 598 3224 immunitatem.
641 3165 745 3224 Tantis
758 3165 875 3226 excitati
894 3164 1026 3240 premiis,
1040 3169 1069 3216 et
1082 3157 1133 3214 sud
1142 3163 1178 3218 35

143 3258 246 3323 sponte
267 3246 350 3304 multi
371 3245 597 3324 indisciplinam
615 3247 799 3312 conveniunt,
813 3255 843 3302 et
856 3237 1051 3324 aparentibus
1070 3253 1134 3308 pro·

143 3326 316 3402 pinquisque
350 3325 510 3383 mittuntur.
572 3322 713 3400 Magnum
746 3323 786 3382 ibi
819 3336 969 3381 numerum
1001 3331 1133 3402 uersuum

144 3403 275 3462 ediscere
288 3403 441 3462 dicuutur:
463 3403 558 3478 itaque
573 3422 662 3460 annos
672 3400 802 3460 nonnulli
816 3399 932 3455 vicenos
941 3395 970 3481 in
981 3389 1133 3467 discipline

147 3494 324 3556 permanent.
366 3482 470 3557 Neque
490 3483 534 3540 sas
554 3501 617 3540 esse
638 3481 802 3540 existiment
822 3495 858 3534 ea
876 3474 965 3532 literis
986 3471 1132 3537 mandare,

148 3578 234 3633 quum
254 3562 285 3618 in
306 3557 422 3636 reliquis
437 3559 495 3618 ferd
516 3561 602 3618 rebus
611 3559 752 3638 publicis,
773 3553 943 3639 privatisque
965 3550 1179 3640 rationibus&

147 3637 257 3698 Grecis
270 3650 387 3698 utantur
403 3639 500 3698 literis.
542 3638 577 3696 Id
599 3638 669 3696 mihi
683 3636 794 3695 duabus
813 3632 957 3690 decausis
978 3639 1132 3719 instituisse

147 3715 296 3788 videntum
317 3716 395 3797 qubd
416 3735 508 3792 neque
529 3717 560 3774 in
582 3717 698 3792 vulgum
719 3710 898 3788 disciplinam
922 3707 1015 3764 effern
1030 3703 1132 3793 uelint»

145 3815 240 3872 neque
261 3817 321 3864 eos,
336 3797 384 3873 qui
406 3797 528 3862 discant,
550 3795 639 3853 literis
659 3791 789 3858 confisos,
804 3785 907 3874 mimis·
920 3798 1062 3874 mmm
1075 3787 1133 3832 stu·

146 3873 233 3933 dere:
266 3873 344 3952 qubd
377 3873 436 3934 ferd
460 3873 601 3949 plerisque
629 3870 743 3936 accidit,
770 3876 803 3936 ut
827 3863 958 3942 presidio
988 3859 1132 3912 hiemum

426 3951 475 4010 8*
533 3997 551 4022 ,.
