2564 4422
94 353 101 364 ·
190 333 232 394 aa
555 323 604 374 nn
619 321 737 372 nanno
754 319 913 372 emmeo
1268 284 1273 377 l

242 467 409 530 confirmati
429 487 515 545 quam
529 468 566 528 cd
579 437 692 526 d'emei
701 463 819 542 legioni,
831 482 896 540 qne
909 462 940 520 in
950 463 1085 540 presidio
1096 465 1227 542 relinque
1269 388 1275 537 l

243 549 336 616 batur,
351 537 525 608 hndtenmm
543 547 579 604 de
631 535 773 604 isbiebat.
815 542 977 602 Labienum
997 543 1227 622 Treboniumque
1270 548 1275 613 ,¹

243 628 381 696 bortatur,
392 627 418 685 si
431 625 612 704 Reipublicn
625 623 776 692 commodo
789 623 885 680 facere
894 621 1013 698 possint,
1028 624 1064 680 ad
1079 643 1151 682 earn
1163 625 1226 684 dieu
1270 633 1275 667 ¹

243 717 437 776 revertantur;
460 717 501 774 ut,
522 723 619 762 rursus
639 701 853 761 communicato
875 699 1005 777 oonsilio,
1026 702 1226 781 exploratisque

209 792 228 846 5
244 786 369 844 bostium
382 785 549 851 rationibus,
564 783 641 840 aliud
656 781 723 840 belli
737 780 851 840 initium
864 799 968 856 capere
981 791 1110 856 possent.

283 863 429 932 XXXIV.
470 862 550 930 Erat,
574 871 606 920 ut
629 861 715 938 suprl
741 859 1007 931 demonstravimus,
1030 879 1139 920 manns
1161 873 1227 920 certa

245 944 334 1012 nulla,
345 963 403 1002 non
411 941 557 1019 oppidum,
568 960 628 1000 non
640 940 816 1018 praesidium,
826 939 902 1014 quod
912 957 943 996 se
954 937 1041 996 armis
1051 940 1226 1010 defenderet;

245 1025 296 1082 sed
323 1023 353 1080 in
378 1041 479 1080 omnes
504 1031 601 1098 partes
624 1021 751 1096 dispersa
773 1018 933 1076 multitudo.
975 1017 1033 1076 Ubi
1060 1020 1167 1096 cuique
1189 1031 1227 1078 aut

245 1101 326 1160 vallis
346 1101 454 1169 abdita,
470 1111 519 1158 aut
539 1100 620 1160 locus
640 1098 793 1176 sylvestris,
815 1108 866 1156 aut
884 1097 967 1174 palus
987 1097 1138 1174 impedita,
1160 1119 1226 1178 spen

194 1185 229 1240 10
245 1181 370 1257 praesidii
385 1193 434 1240 aut
448 1179 547 1240 salutis
567 1179 692 1254 aliquam
704 1177 852 1246 offerebat,
866 1177 1044 1236 consederat.
1087 1178 1163 1238 Huc
1176 1179 1227 1238 lou
1277 1199 1278 1214 ³

245 1259 440 1318 vicinitatibus
453 1269 535 1318 erant
547 1270 631 1327 nota,
651 1275 843 1332 magnamque
863 1275 910 1314 res
923 1255 1102 1333 diligentiam
1117 1259 1228 1335 require·

246 1340 305 1407 bat,
323 1359 382 1398 non
400 1340 431 1396 in
451 1337 564 1396 summi
584 1335 728 1393 exercitus
748 1335 866 1403 tuendi,
883 1334 1008 1412 (nullum
1028 1336 1109 1394 enim
1130 1349 1228 1415 poterat

245 1418 394 1488 universis,
410 1417 446 1474 ab
459 1414 615 1491 perterritis
629 1433 664 1472 ac
677 1413 822 1490 dispersis,
835 1414 996 1490 periculum
1012 1415 1174 1497 accidere,)
1187 1418 1228 1475 sed

244 1494 276 1554 in
297 1495 417 1570 singulis
430 1494 569 1552 militibus
589 1493 811 1563 conservandis3
831 1512 895 1568 quae
917 1505 1013 1552 tumen
1033 1514 1070 1552 ex
1089 1501 1173 1570 parte
1192 1515 1229 1554 res

195 1579 230 1632 15
246 1573 282 1632 ad
305 1573 427 1632 salutem
447 1573 590 1632 exercitius
612 1572 782 1650 pertinebat.
823 1571 902 1632 Nam
922 1583 952 1630 et
972 1574 1075 1650 praedae
1096 1576 1230 1652 cupiditas

245 1652 349 1711 multos
359 1651 474 1730 longius
484 1653 632 1720 evocabat,
641 1663 671 1710 et
678 1653 764 1728 sylva
775 1651 894 1710 incertis
900 1652 1078 1728 occultisque
1090 1653 1230 1712 itineribus
1272 1676 1276 1685 ·

246 1733 390 1792 consertos
403 1733 483 1792 adire
491 1732 688 1810 prohibebant.
730 1731 762 1790 ei
775 1731 923 1808 negotium
936 1731 1052 1800 confici,
1066 1732 1230 1810 stirpemque

247 1812 395 1872 hominnm
427 1813 630 1872 sceleratorum
657 1809 779 1870 interfici
810 1811 904 1884 vellet,
932 1810 1111 1870 dimittenda
1144 1813 1231 1891 plmes
1275 1869 1276 1872 ,

246 1911 359 1962 manus,
381 1892 594 1968 diducendique
618 1901 700 1948 erant
720 1889 843 1948 milites:
850 1889 898 1973 [si
924 1889 1072 1948 continere
1097 1893 1134 1950 ad
1157 1893 1232 1969 signa

196 1975 232 2030 20
246 1972 408 2048 manipulos
428 1971 522 2039 vellet,
544 1982 576 2029 ut
599 1970 729 2037 instituta
749 1969 822 2028 ratio
844 1979 874 2026 et
893 1970 1072 2034 consuetudo
1097 1972 1232 2030 exercitis

247 2051 375 2108 Romani
395 2048 660 2126 postrrlabavlocus
681 2049 741 2123 ipse
761 2058 823 2105 erat
835 2047 968 2124 prasidio
986 2049 1126 2120 barbaris,
1147 2069 1232 2128 neque

247 2147 284 2185 ex
309 2129 423 2186 occulto
449 2126 604 2186 insidiandi
627 2137 657 2184 et
680 2126 822 2202 dispersos
848 2126 1095 2186 circumveniendi
1119 2130 1233 2208 singulis

247 2206 346 2262 deerat
373 2205 502 2263 audacia.
555 2207 596 2262 At
622 2205 652 2262 in
679 2205 820 2286 ejusmodi
847 2206 1073 2275 difficultatibus,
1101 2221 1233 2285 quantum

247 2281 397 2359 diligentie
420 2283 561 2360 provideri
581 2293 701 2360 poterat,
722 2284 939 2360 providebatur;
969 2296 1002 2343 ut
1020 2286 1117 2363 potids
1137 2288 1167 2346 iu
1190 2309 1234 2348 no

196 2365 232 2418 25
248 2362 341 2420 cende
355 2363 461 2440 aliquid
474 2363 661 2430 omitteretur,
675 2363 730 2421 etsi
742 2363 872 2422 omnium
886 2365 975 2424 animi
989 2367 1026 2424 ad
1039 2367 1234 2426 ulciscendum

248 2441 397 2512 ardebant,
420 2443 507 2519 quim
531 2462 599 2500 cum
623 2443 717 2518 aliquo
737 2443 909 2502 detrimento
931 2445 1054 2504 militum
1079 2458 1234 2505 noceretur.

248 2521 346 2580 Caesar
368 2524 405 2580 ad
425 2523 563 2582 finitimas
583 2522 713 2580 civitates
734 2523 856 2582 nuncios
877 2523 1011 2582 dimittit:
1038 2545 1140 2584 omnes
1158 2528 1194 2585 ad
1208 2546 1236 2584 se

247 2613 348 2660 evocat
375 2622 424 2679 spe
448 2604 561 2680 prede,
587 2602 623 2659 ad
646 2601 821 2679 diripiendos
847 2602 1007 2671 Eburones,
1034 2615 1067 2661 ut
1091 2603 1187 2680 potiris
1210 2606 1237 2663 iu

248 2681 334 2757 sylvis
360 2682 507 2740 Gallorum
531 2682 598 2748 vita,
622 2679 709 2756 quim
732 2681 907 2756 legionarius
931 2683 1021 2750 miles,
1039 2683 1236 2756 periclitetur;

174 2764 234 2824 ‚30
249 2761 332 2816 simul
353 2771 394 2828 ut,
417 2761 523 2835 magud
544 2759 727 2818 multitudine
748 2759 934 2830 circumfusi,
955 2779 1005 2837 pro
1024 2760 1074 2816 tali
1099 2761 1237 2830 facinore,

241 2837 332 2912 stirps
353 2857 388 2895 ac
401 2854 506 2895 nomen
520 2837 644 2895 civitatis
657 2836 780 2894 tollatur.
822 2837 951 2924 Mpgnus
962 2838 1088 2915 undique
1101 2859 1239 2901 numerus

247 2916 378 2976 celeriter
392 2916 534 2976 convenit.
998 2923 1002 2932 '

287 2990 418 3055 XXXV.
460 2995 534 3054 Haec
545 2995 575 3053 in
588 2994 723 3054 omuibus
735 2996 905 3056 Eburonum
915 2999 1045 3079 partibus
1057 3000 1239 3077 gerebantur,

248 3075 365 3150 diesque
380 3076 531 3152 appetebat
545 3075 691 3151 septimus,
706 3078 848 3152 quemad
861 3078 938 3136 diem
952 3079 1052 3137 Caesar
1066 3079 1102 3138 ad
1123 3079 1241 3158 impedi-

197 3157 233 3214 35
248 3165 346 3212 menta
369 3155 568 3229 legionemque
590 3155 693 3212 reverti
717 3156 911 3216 constituerat.
955 3156 1026 3227 Hic,
1048 3169 1186 3236 quantum
1211 3159 1239 3215 in

248 3233 324 3293 bello
337 3233 450 3291 fortuna
463 3233 561 3310 possit,
576 3243 605 3290 et
618 3245 739 3309 quantos
761 3235 860 3292 afferat
873 3255 968 3304 casus,
983 3238 1120 3313 cognosci
1140 3238 1240 3314 potuit

249 3313 402 3392 Dissipatis
417 3332 451 3370 ac
471 3311 627 3388 perterritis
641 3312 779 3381 hostibus,
798 3324 831 3371 ut
851 3314 1118 3384 demonstravimus,
1140 3336 1241 3375 manus

249 3406 311 3454 erat
324 3394 412 3467 nulla,
424 3411 487 3469 quae
500 3410 616 3470 parvam
630 3391 715 3452 modd
730 3412 848 3450 causam
857 3394 966 3452 timoris
979 3393 1101 3450 afferret.
1145 3396 1241 3454 Trans

250 3473 389 3532 Rhenum
404 3473 440 3532 ad
453 3472 613 3530 Germanos
633 3471 762 3547 pervenit
776 3473 861 3541 fama,
876 3471 959 3547 diripi
979 3470 1144 3542 Eburones,
1160 3485 1242 3550 atque

200 3551 235 3606 40
250 3549 324 3608 ultro
336 3573 436 3612 omnes
451 3552 487 3610 ad
500 3551 626 3628 predam
640 3551 762 3609 evocari.
804 3553 920 3628 Cogunt
932 3547 1060 3624 equitum
1074 3551 1134 3612 duo
1154 3553 1244 3612 millia

252 3626 405 3701 Sigames,
419 3631 468 3707 qui
482 3640 548 3690 sunt
560 3629 683 3707 proximi
701 3631 818 3699 Rheno,
834 3628 965 3706 aquibus
978 3641 1111 3707 receptos
1125 3653 1161 3692 cx
1175 3633 1243 3710 fuge

251 3701 452 3770 Tenchtheros
477 3710 568 3788 'atque
601 3708 735 3786 Usipetes
768 3707 854 3786 supra
885 3708 1059 3768 docuimus:
1094 3722 1244 3771 transeunt

251 3783 389 3844 Rhenum
410 3787 531 3850 navibus
555 3789 728 3866 ratibusque,
751 3787 842 3847 XXX
863 3786 990 3847 millibus
1012 3807 1151 3866 passuum
1171 3793 1244 3852 iufra

251 3882 318 3924 eum
344 3859 450 3926 locum,
473 3865 523 3920 ubi
549 3885 621 3939 pons
647 3878 707 3924 erat
754 3867 908 3943 perfectus,
950 3869 1176 3947 praesidiumque
1211 3871 1244 3931 ab
