2562 4412
433 343 541 398 uultu
557 343 734 398 OCTAVUS·
1072 348 1128 410 ιω

132 485 279 548 XLVIII.
320 485 391 548 Erat
412 488 563 550 attributus
584 485 712 548 Antonio
731 489 884 564 prefectu
902 487 1029 568 equitum
1042 489 1077 550 0.

91 564 258 638 Volusenus
265 563 443 632 Quadratus.
453 565 502 642 qui
516 585 583 624 curn
597 583 632 624 eo
642 565 795 644 hyemaret.
837 565 1080 628 llunc'Antonius

93 645 130 710 sd
140 642 369 722 persequendum
375 643 533 722 equitatum
545 643 669 703 hostiurn
675 643 769 704 mittit.
810 643 973 706 volusenus
984 659 1078 708 autem

94 721 130 784 cd
152 741 217 780 eam
232 721 373 787 virtutem,
387 739 449 796 quae
470 719 622 796 singularia
645 721 675 779 in
688 739 723 778 eo
742 732 814 791 erat,
832 741 968 798 magnum
981 724 1078 784 odium

94 799 220 858 Commii
234 799 426 875 adjungebam
447 797 504 873 qud
514 797 649 858 libentius
663 799 693 855 id
707 799 822 869 laceret,
833 801 909 877 quod
923 801 1079 878 imperaba—
1104 807 1124 860 ὅ

93 890 147 938 tur.
190 878 292 952 Itaque
305 876 448 952 dispositis
468 876 588 948 insidiis,
602 876 706 953 saepius
718 877 781 954 ejus
795 879 904 956 equites
918 899 1077 956 aggressus,
1092 931 1096 939 ,

93 956 223 1014 secunda
255 955 352 1030 praelia
378 955 509 1014 faciebat.
563 953 736 1024 Novissime,
762 975 850 1032 quum
883 957 1079 1024 vehementius

93 1035 325 1101 contenderetur,
353 1052 387 1090 ac
414 1032 575 1091 Volusenus
609 1032 696 1108 ipsius
729 1033 928 1112 intercipiendi
955 1036 1079 1098 commit
1139 1069 1143 1080 ·

94 1113 252 1190 cupiditate
266 1109 440 1187 pertinacius
450 1130 515 1168 eum
528 1129 594 1168 cum
603 1111 704 1187 paucis
717 1111 863 1170 insecutus
873 1124 958 1182 esset,
968 1114 1016 1174 ille
1031 1133 1078 1176 au·

93 1204 150 1250 tem
173 1192 240 1268 tingi
253 1189 414 1246 vehementi
428 1188 604 1247 Volusenum
618 1188 731 1264 longius
744 1189 939 1266 produxissct3
960 1193 1123 1268 repentem
1191 1253 1195 1260 ,

93 1270 221 1330 omnium
232 1287 345 1326 suorum
360 1267 473 1326 invocat
487 1267 571 1324 tidem
586 1278 669 1342 atque
681 1269 826 1338 auxilium,
838 1289 876 1328 ne
886 1289 938 1329 sua
950 1271 1077 1344 vulnera,

91 1348 213 1428 perfidia
233 1346 407 1422 interpositu,
422 1357 585 1422 paterentur
605 1345 696 1404 inulta
706 1366 714 1416 ;
735 1367 926 1424 conversoque
945 1368 1028 1424 equo,
1046 1369 1078 1410 sc

94 1425 244 1485 acoeteris
266 1423 410 1482 incautius
430 1424 566 1502 permittit
587 1424 617 1481 in
640 1425 814 1500 prefectum.
855 1426 980 1484 Faciunt
1000 1428 1076 1490 idem

92 1524 193 1564 omnes
225 1503 286 1580 ejus
318 1503 437 1578 equites,
471 1522 632 1578 paucosque
650 1514 772 1562 'nostros
798 1516 967 1564 convertunt
993 1518 1077 1582 atquo

93 1584 290 1658 insequuntur.
338 1579 487 1639 Commius
508 1581 657 1638 incensum
676 1582 836 1640 calcaribus
859 1576 963 1658 equum
981 1583 1122 1662 jungitlt
1165 1591 1170 1606 '
1214 1618 1217 1623 ·

92 1681 167 1738 equo
179 1659 332 1728 Quadrati,
347 1659 504 1734 lancedquc
518 1659 620 1719 infesti
633 1659 759 1718 medium
780 1661 871 1718 lemur
884 1662 945 1740 ejus
965 1663 1078 1738 magnis
1136 1665 1139 1670 '

92 1739 200 1799 viribus
233 1738 346 1815 trajicit.
387 1737 527 1795 Praefecto
549 1737 705 1805 vulnerato,
739 1756 796 1794 non
823 1738 955 1796 dubitant
988 1740 1077 1800 nostri

93 1820 235 1886 resistere,
261 1827 291 1874 et
316 1816 445 1874 conversi
472 1816 581 1873 hostem
607 1815 720 1890 pellere.
770 1815 860 1877 Quod
885 1817 936 1872 ubi
959 1816 1075 1886 accidit,

93 1897 254 1974 complures
268 1896 400 1966 hostiurn,
414 1913 519 1970 magno
532 1904 690 1952 nostrorum
709 1892 815 1970 impetu
828 1893 912 1970 pulsi,
928 1895 1077 1954 vulneran-

93 1987 147 2045 tur,
172 1986 202 2032 et
227 1973 330 2051 partim
357 1974 386 2031 in
413 1972 481 2049 lugd
506 1982 696 2048 proteruntur,
722 1971 825 2048 partim
849 1972 1120 2050 intercipiuntur&

92 2053 181 2116 Quod
195 2053 245 2110 ubi
259 2052 364 2109 malum
379 2053 437 2111 dux
450 2049 515 2126 equi
529 2049 677 2108 velocitate
690 2050 825 2119 evitavit3
846 2051 967 2128 graviter
981 2051 1077 2110 vulne-

92 2145 170 2191 ratus
183 2132 344 2208 praefectus,
358 2141 389 2186 ut
402 2129 466 2186 vitae
479 2129 637 2205 periculum
652 2128 780 2190 aditurus
794 2129 1075 2199 videretumerertur

93 2209 122 2270 in
146 2223 249 2273 caetra.
298 2207 447 2266 Commius
473 2220 578 2280 autem,
599 2207 658 2270 sire
681 2209 794 2283 expiato
816 2228 869 2270 suo
889 2209 994 2277 dolore,
1016 2209 1075 2268 sive

92 2289 199 2364 magnit
219 2298 298 2362 parte
325 2286 428 2362 amissi
454 2304 579 2353 suorum,
603 2285 710 2360 legatos
737 2286 773 2342 ad
796 2285 956 2345 Antonium
979 2287 1074 2356 mittlt,

92 2386 179 2442 seque
192 2365 221 2422 et
235 2365 275 2424 ibi
296 2365 421 2421 tirturum
441 2362 490 2419 ubi
513 2363 725 2438 presumserit,
739 2373 769 2419 et
789 2382 825 2420 ea
848 2365 998 2432 facturum,
1012 2367 1121 2442 quta&

93 2443 282 2521 imperaverit,
308 2441 455 2500 obsidibus
479 2441 554 2498 datis
579 2439 680 2497 firmat.
729 2439 825 2504 Unum
852 2440 921 2496 illud
946 2453 1017 2514 orat,
1044 2455 1077 2502 ut

92 2523 187 2582 timori
210 2542 262 2580 suo
282 2521 466 2586 concedatur,
480 2537 517 2574 ne
539 2517 568 2574 in
592 2527 777 2592 conspectum
791 2517 885 2575 veniat
908 2518 1076 2592 cujusquam

92 2599 229 2658 Romani.
270 2599 370 2662 Quam
387 2596 604 2673 postulationem
618 2594 772 2661 Antonius,
786 2613 873 2668 quum
883 2594 1026 2672 judicaret
1039 2597 1076 2654 ab

90 2678 166 2755 iusto
179 2678 260 2737 nasci
273 2677 383 2744 timore,
397 2675 509 2738 veniam
522 2672 630 2750 petenti
642 2672 732 2740 dedit,
745 2671 859 2734 obsides
877 2672 996 2749 accepit

501 2831 670 2844 m

108 2965 111 2972 '
132 2954 201 3012 Scio
215 2953 360 3011 Cesaram
371 2949 547 3027 singulorum
561 2968 700 3008 annorum
710 2949 837 3026 singulos
850 2947 1077 3010 Commentarios
1085 2949 1122 3006 ω

93 3031 269 3094 confecisse:
289 3031 364 3106 quod
386 3048 441 3106 ego
463 3047 521 3086 non
534 3027 693 3086 existimavi
716 3028 787 3085 mihi
806 3047 869 3086 essa
893 3028 1077 3100 laciendum

92 3107 330 3246 ffiffinffi
344 3105 987 3244 ltqttlttthll'ffll‘0⁰rl¹³¹23lt
1001 3106 1078 3243 ⁰ii

37 3247 42 3254 ’
92 3267 155 3342 quis
168 3229 266 3325 tamen
288 3265 441 3342 ignoraret,
454 3264 558 3339 quibus
578 3263 608 3321 in
629 3203 815 3323 locihgllaesai)
832 3203 1079 3344 exeicitisiiueei

94 3355 219 3422 tempore
253 3344 382 3412 fuissent,
408 3362 502 3419 pauca
528 3342 682 3402 scribenda
717 3342 974 3419 coniungendaque
1009 3339 1123 3402 huicffi

92 3423 308 3485 Commentario
320 3421 415 3482 statui.

503 3579 673 3592 —=—-

129 3699 244 3758 XLIX.
286 3697 395 3768 Cesar,
421 3697 452 3754 in
479 3696 579 3772 Belgio
601 3715 689 3772 quum
715 3698 872 3771 hyemaret,
896 3715 987 3754 unum
1011 3697 1080 3768 illud

87 3778 265 3856 propositum
292 3776 427 3847 habebat,
453 3775 600 3844 continere
627 3775 657 3832 in
689 3773 816 3832 amicitit
842 3775 982 3842 civitates,
1009 3774 1079 3832 nulli

87 3861 170 3934 spem
185 3867 234 3913 aut
253 3871 372 3914 causam
386 3854 454 3912 dare
469 3871 618 3911 armornm.
660 3851 741 3908 Nihil
755 3851 833 3909 enim
847 3851 944 3912 minue
957 3851 1078 3916 volebat,
