2590 4424
194 313 236 373 ῃ
559 305 742 356 unumne
759 306 919 355 cmmco

245 446 336 506 Gallis
344 447 491 506 mucescit
501 468 509 518 ;
530 449 658 515 alteram,
667 467 788 504 vacuam
800 447 837 505 ab
849 448 907 506 illis
919 450 1059 519 relictam,
1067 453 1231 512 cohortibus

245 526 281 582 ad
295 526 490 600 hyemandum
502 527 636 586 attribuit
677 525 753 582 Eum
765 526 863 583 locum
873 528 948 586 vallo
960 529 1090 606 fosstque
1100 533 1229 591 munivit

284 603 325 660 11.
366 605 470 667 Quum
479 605 542 662 dies
550 607 740 681 hybemorum
750 604 912 681 complures
921 608 1100 676 transissent,
1109 609 1232 668 bumen-

132 747 138 754 ,
244 694 363 760 tumque
376 683 590 760 edcomportari
600 682 740 758 jussisset,
755 682 850 742 subito
863 704 915 760 per
925 687 1115 762 exploratores
1128 689 1232 748 certior

211 762 340 823 5factus
356 775 410 832 est,
423 783 460 821 ex
472 763 508 819 ei
527 771 607 838 parte
628 761 695 829 vici,
709 781 795 838 quam
807 763 900 822 Gallis
920 777 1111 834 concesserat,
1132 787 1233 826 omnes

245 855 335 902 noctu
356 841 530 906 discessisse,
556 850 734 916 montesque,
756 842 805 918 qui
832 841 1040 920 impenderent,
1063 865 1081 902 a
1106 846 1232 905 maximi

246 921 427 980 multitudine
440 919 621 976 Sedunorum
634 930 664 976 et
677 921 870 996 Veragrorum
883 923 983 980 teneriz
1025 922 1061 980 Id
1078 924 1184 1000 aliquot
1197 926 1233 983 de

246 1000 341 1056 causis
360 998 514 1065 acciderat,
530 1009 563 1056 ut
583 997 678 1056 subitd
692 999 769 1058 Galli
790 999 858 1057 belli
877 1002 1035 1060 renovandi
1055 1003 1234 1079 legionisque

243 1076 436 1152 opprimendae
462 1077 616 1136 consilium
636 1088 788 1154 caperent:
817 1079 951 1154 primirm,
975 1079 1054 1155 quaid
1079 1081 1233 1158 legionem,

196 1163 231 1216 10
244 1173 336 1230 neque
349 1173 415 1214 eam
428 1155 632 1232 plenissimam,
646 1156 782 1212 detractis
795 1159 961 1216 cohortibus
974 1160 1096 1229 duabus,
1111 1171 1140 1218 et
1154 1169 1233 1219 cbm·

244 1234 373 1310 pluribus
403 1236 578 1312 singillatim,
602 1234 661 1310 qui,
692 1236 869 1294 commeatus
894 1239 1012 1312 petendi
1041 1241 1130 1298 causd
1153 1239 1234 1297 missi

245 1326 337 1382 mant,
371 1315 545 1381 absentibus,
571 1325 684 1390 propter
700 1313 891 1389 paucitatem
917 1315 1138 1390 despiciebant:
1171 1328 1236 1377 tum

245 1393 341 1458 etiam,
354 1391 431 1467 qudd
451 1403 565 1468 propter
585 1391 763 1468 iniquitatem
776 1392 842 1459 loci,
863 1411 951 1468 quum
965 1393 1019 1468 ipsi
1038 1413 1075 1450 ex
1087 1397 1237 1456 montibus

245 1470 275 1526 in
295 1469 397 1526 vallem
411 1471 596 1528 decurrerent
609 1482 638 1529 et
650 1471 708 1528 tela
725 1471 910 1546 conjicerent,
924 1490 962 1528 ne
976 1471 1101 1547 primum
1115 1475 1236 1549 quidem

196 1557 230 1610 15
244 1548 472 1625 posseimpetum
480 1569 564 1628 auum
575 1549 708 1608 sustineri
717 1549 927 1608 existimabant
969 1547 1237 1632 Accedebat,qudd

246 1647 311 1686 suos
333 1630 371 1698 ab
389 1647 421 1687 se
440 1626 544 1688 liberos
568 1631 725 1688 abstractos
743 1629 876 1688 obsidum
893 1629 1011 1688 nomine
1031 1630 1184 1702 dolebant;
1209 1637 1251 1692 et'

247 1707 405 1778 Murrum,
432 1727 490 1768 non
514 1707 607 1768 solum
628 1708 763 1766 itinerum
786 1710 885 1778 coust,
910 1709 1069 1768 sedetiam
1089 1721 1238 1787 perpetuas

247 1789 442 1864 possessionis,
469 1788 595 1846 culmina
618 1788 737 1864 Alpium
758 1808 900 1865 occupare
927 1773 1035 1856 ooifari,
1062 1799 1092 1846 et
1109 1809 1145 1847 ea
1170 1789 1239 1849 loca

247 1867 376 1926 finitimas
388 1866 710 1946 provinciaradjungere,
725 1867 780 1924 sibi
793 1887 960 1943 persuasum
975 1868 1150 1926 habebant&-

196 1955 233 2008 20
288 1947 345 2005 ΙΙΙ.
387 1948 443 2006 His
451 1946 564 2008 nunciis
578 1946 714 2022 acceptis,
723 1947 827 2014 Galba,
838 1966 927 2022 quum
940 1966 1033 2022 neque
1045 1966 1117 2023 opus
1131 1947 1238 2023 hyber-

247 2045 349 2084 uorum
381 2026 608 2100 munitionesque
639 2021 724 2101 pleuti
758 2036 855 2082 essent
888 2026 1032 2101 perfecte,
1066 2045 1160 2101 neque
1200 2029 1239 2086 de

247 2105 388 2162 frumento
419 2105 582 2179 reliquoque
602 2113 763 2161 commeatu
795 2101 864 2162 satis
877 2114 954 2160 esset
972 2104 1125 2178 provisum,
1146 2105 1238 2180 qudd,

246 2181 390 2239 deditione
404 2182 480 2241 factd
498 2183 701 2258 obsidibusque
713 2182 848 2258 acceptis,
860 2181 931 2239 nihil
942 2181 978 2238 de
990 2182 1064 2242 bello
1075 2183 1238 2243 timendum

245 2258 464 2329 existimaverat,
476 2262 596 2320 consilio
606 2261 736 2318 celeriter
743 2271 910 2328 convocato,
919 2259 1075 2317 sententias
1085 2263 1239 2336 exquirere

194 2347 230 2400 25
245 2337 340 2414 coepit.
394 2339 464 2402 Quo
491 2341 521 2397 in
548 2340 676 2408 consilio,
703 2359 792 2416 quum
816 2349 928 2397 tantum
950 2338 1092 2416 repentini
1114 2342 1239 2416 periculi

163 2455 182 2495 ¹-
244 2427 346 2493 praeter
368 2418 534 2493 opinionem
559 2419 720 2488 accidisset,
746 2438 780 2477 ac
801 2419 861 2495 jam
886 2417 984 2477 omnia
1008 2416 1068 2476 ferd
1089 2420 1240 2495 superiora

246 2497 310 2554 loca
330 2493 512 2556 multitudine
534 2510 705 2568 armatorum
724 2499 867 2576 completa
884 2497 1127 2574 conspicerentur,
1142 2517 1262 2574 neque·

247 2575 373 2634 subsidio
385 2577 485 2646 veniri,
500 2597 594 2654 neque
610 2587 787 2636 commeatus
800 2577 958 2654 supportari
979 2575 1140 2634 interclusis
1153 2576 1239 2634 itine-

246 2655 325 2714 ribus
345 2665 472 2732 possent,
491 2677 578 2734 prope
596 2658 656 2734 jam
679 2657 830 2734 desperate
852 2655 952 2724 salute,
974 2655 1119 2713 nonnulle
1140 2655 1239 2731 hujus·

196 2743 231 2796 30
246 2735 323 2792 modi
335 2735 483 2792 sententiar
498 2737 678 2802 dicebantur,
690 2745 731 2802 ut,
743 2733 954 2810 impedimentis
962 2733 1079 2806 relictis,
1088 2734 1238 2810 eruptione

246 2812 333 2880 facta,
352 2813 455 2872 iisdem
473 2814 633 2880 itineribus,
655 2812 759 2887 quibus
779 2810 815 2870 ed
826 2812 1034 2888 pervenissent,
1058 2805 1093 2869 ad
1115 2811 1239 2875 salutem

246 2893 463 2951 contenderent
494 2891 609 2970 ,Majori
629 2902 727 2948 tamen
739 2891 813 2967 parti
831 2890 948 2966 placuit,
962 2893 1026 2950 ‚hoc
1040 2900 1183 2948 reservato
1202 2893 1240 2950 ad

210 2972 212 2980 ’
247 2982 408 3032 extremum
431 2971 559 3038 consilio,
585 2969 699 3028 interim
720 2969 761 3027 rei
782 2979 916 3028 eventum
937 2969 1069 3046 experiri,
1090 2978 1120 3026 et
1143 2983 1241 3028 castra

247 3051 410 3108 defendere.

196 3137 232 3191 35
262 3117 267 3164 ·’
287 3127 339 3186 IV.
381 3130 466 3188 Brevi
480 3129 570 3205 spatio
584 3129 742 3205 interjecto,
756 3129 803 3185 vix
816 3138 848 3185 ut
863 3128 909 3186 his
923 3129 1017 3196 rebus,
1031 3146 1102 3204 quas
1121 3128 1241 3186 constit-

248 3207 366 3276 uissent,
394 3207 570 3266 collocandis
596 3218 679 3282 atque
711 3205 943 3264 administrandis
969 3217 1081 3283 tempus
1111 3207 1239 3275 darmur,

249 3289 344 3346 hostes
364 3307 401 3345 ex
426 3287 559 3344 omnibus
581 3285 719 3362 partibus,
742 3285 826 3362 signo
845 3285 922 3359 dato,
945 3286 1105 3349 decurrere,
1127 3283 1241 3359 lapides

248 3386 382 3442 gaesaque
404 3366 434 3424 in
456 3366 560 3422 vallum
578 3365 740 3440 conjicere:
769 3364 858 3422 nostri
877 3363 970 3440 primd
991 3361 1108 3437 integris
1130 3362 1241 3422 viribus

250 3444 357 3502 fortiter
370 3463 539 3522 repugnare,
553 3463 646 3520 neque
656 3443 747 3501 ullum
761 3440 864 3502 frustra
872 3444 960 3502 telum
973 3461 1010 3498 ex
1019 3441 1082 3498 loco
1093 3443 1240 3516 superiore

201 3532 235 3585 40
250 3522 362 3581 mittere
375 3543 381 3579 :
403 3534 435 3581 ut
447 3542 564 3598 qnaeque
576 3542 644 3598 pars
654 3534 812 3582 castrorum
822 3524 930 3580 nudata
940 3519 1138 3578 defensoribus
1148 3523 1240 3597 premi

159 3639 163 3644 -
240 3601 408 3668 ¹videbatur,
423 3601 459 3660 ed
480 3621 629 3660 occurrere
642 3613 671 3660 et
691 3602 828 3664 auxilium
843 3603 931 3659 ferre:
953 3598 1003 3656 sed
1024 3600 1080 3656 hoc
1100 3601 1239 3676 superari,

251 3679 327 3757 qudd
350 3679 536 3738 diuturnitate
559 3699 663 3756 pugne
685 3682 780 3740 hostes
803 3679 907 3738 defessi
929 3677 1027 3753 prelio
1048 3679 1240 3748 excedebant,

253 3759 300 3817 alii
322 3758 440 3835 integris
460 3758 567 3816 viribus
588 3760 798 3830 succedebant:
826 3776 946 3832 quarum
967 3777 1062 3816 rerum
1085 3778 1102 3817 a
1125 3758 1240 3826 nostris,

253 3849 364 3918 propter
381 3837 566 3914 paucitatem,
580 3837 642 3894 fieri
662 3837 732 3894 nihil
746 3847 871 3911 poterat3
894 3854 929 3894 ac
949 3855 1007 3896 non
1021 3835 1106 3896 mcdd
1127 3836 1242 3896 defesso
