2590 4424
146 279 187 344 ῃ
435 243 443 254 “
509 271 558 322 nrt
574 271 691 322 senno
707 269 867 324 estmoe

196 415 309 478 munire
328 423 485 492 ceperunt
525 415 582 474 Ubi
601 415 694 491 prims
713 413 917 489 impedimento
935 415 1025 471 nosei
1039 417 1189 476 exercitiis

197 494 234 552 tb
247 493 302 560 bis,
315 492 364 568 qui
385 493 415 550 in
433 493 519 568 sylvis
531 491 620 550 abditi
637 492 773 558 latebant,
784 492 845 548 visu
865 501 941 558 sunt,
961 490 1051 568 (quod
1069 503 1189 570 tempus

197 570 271 632 iuter
290 573 340 628 eos
352 571 549 630 committendi
567 569 658 647 prelii
678 569 864 647 convenerat)
880 570 930 636 its,
948 579 980 625 ut
1000 569 1077 627 intre
1096 572 1188 630 silves

198 648 290 708 eciem
309 650 480 724 ordinesque
500 648 716 714 constituerent,
738 657 822 721 utque
842 646 897 721 ipsi
911 665 974 703 sese
994 647 1188 708 confirmave-

168 735 271 795 5rtnt,
294 727 390 786 subitd
411 726 545 786 omnibus
567 725 668 801 copiis·
683 725 907 802 provolaverunt,
929 723 1125 800 impetumque
1153 729 1186 786 in

167 867 169 874 ,
196 815 307 864 nostros
329 805 439 882 equites
462 805 600 862 fecerunt.
651 803 707 860 llis
727 801 811 860 facile
832 801 921 877 pulsis
942 820 977 858 tc
996 805 1184 877 proturbetis,

195 883 359 944 incredibili
379 881 526 940 eeleritate
546 883 583 939 sd
603 880 710 938 flumen
731 882 966 945 decucurrerunt,
980 890 1012 936 ut
1025 881 1100 956 pene
1124 903 1186 944 uno

195 958 1184 1098 mum

27 1167 30 1182 .
152 1125 292 1180 tonostra
309 1127 403 1175 cestre
422 1128 506 1193 etque
519 1135 579 1184 eos,
592 1115 641 1190 qui
655 1114 685 1170 in
704 1130 789 1189 opere
801 1113 935 1188 occupeti
954 1125 1046 1181 erunt,
1060 1127 1183 1175 conten-

195 1195 307 1252 derunt.
986 1241 991 1258 .

234 1273 304 1332 XX.
344 1272 453 1331 Ceteri
465 1272 563 1331 omnia
581 1290 641 1328 uno
652 1280 777 1346 tempore
797 1280 879 1326 erent
893 1271 1023 1346 egendo:
1043 1273 1181 1332 vexillum

193 1350 418 1427 proponendum,
439 1351 516 1424 quod
538 1359 600 1406 eret
622 1349 744 1425 insigne,
767 1367 854 1422 quum
882 1349 918 1404 ed
942 1367 1022 1406 erma
1044 1353 1179 1408 concurri

194 1436 352 1502 oporteret:
373 1427 488 1503 signum
497 1428 567 1485 tubt
580 1428 722 1484 dandum:
744 1428 781 1484 ab
789 1444 875 1502 opere
888 1427 1041 1483 revocandi
1053 1427 1177 1486 milites:

152 1504 242 1581 tuqui
261 1503 348 1580 paule
361 1503 484 1582 longius,
499 1505 611 1582 aggeris
622 1505 738 1582 petendi
753 1504 851 1571 causi,
861 1515 1068 1579 procemerunt,
1084 1525 1179 1565 erues-

194 1583 292 1640 sendi:
314 1583 392 1642 teies
405 1584 581 1652 instruenda,
595 1585 699 1641 milites
711 1583 889 1649 cohortandi,
903 1583 1017 1657 signum
1031 1582 1177 1646 dandum:

193 1680 311 1738 querum
325 1681 419 1721 rerum
432 1683 567 1740 magnam
579 1673 689 1740 purtem
702 1662 836 1738 temporis
850 1661 971 1718 brevitas
984 1672 1013 1717 et
1025 1679 1178 1720 succesus

192 1751 222 1798 et
235 1740 366 1798 incursus
386 1742 508 1800 bostium
522 1743 702 1818 impediebat
744 1741 800 1797 His
819 1738 1034 1796 difficultatibus
1046 1739 1112 1796 due
1130 1760 1179 1799 res

192 1829 274 1876 erent
286 1819 422 1888 subsidio,
437 1821 653 1894 scientiamque
665 1839 735 1876 usus
746 1818 878 1885 militum,
892 1815 968 1891 qued
983 1817 1179 1891 superioribus

147 1897 296 1986 mprteliis
316 1899 474 1966 exercitati,
495 1900 564 1973 quid
584 1899 646 1955 lieri
663 1907 813 1973 oporteret,
829 1915 887 1952 non
908 1893 1004 1950 minits
1023 1898 1177 1955 commode

192 1974 246 2052 tpsi
256 1975 310 2064 sibi
320 1975 610 2064 prescriberequim
620 1974 730 2062 ebeliis
740 1974 837 2030 doceri
844 1983 989 2048 poterant3
1009 1981 1039 2059 et
1051 1971 1129 2046 quod
1139 1977 1178 2032 ab

191 2050 1177 2203 tlt‘t‘ttttlzttlffttlttffigt{titt,llllqltttltb

193 2204 366 2262 celeritatem
380 2206 512 2274 hostium,
527 2206 598 2265 nihil
615 2207 675 2282 jam
688 2205 811 2263 Ceseris
825 2205 974 2281 imperium
988 2207 1175 2280 spectabam

147 2283 242 2342 &sed
256 2301 360 2357 perse,
374 2303 436 2358 quae
450 2284 627 2351 videbuntur,
643 2284 887 2341 administrabant.

231 2360 318 2418 XXI.
358 2362 466 2430 Cesar,
479 2363 649 2420 necessariis
661 2364 746 2420 rebus
764 2362 917 2437 imperatis,
933 2363 969 2418 ed
983 2363 1176 2423 cobortendos

191 2437 304 2507 milites,
315 2458 399 2515 quum
413 2439 562 2517 inputem
576 2441 633 2500 sors
642 2441 753 2508 obtulit,
768 2440 931 2497 decucurrit
940 2451 969 2496 et
983 2441 1019 2496 ad
1029 2440 1175 2516 legionem

190 2516 331 2578 decimam
344 2519 467 2577 devenit
507 2520 616 2578 Milites
633 2540 690 2578 non
711 2519 838 2596 longiore
850 2518 977 2576 oratione
998 2519 1173 2589 cohortatus,

189 2595 274 2672 qutrn
298 2595 339 2656 uti
364 2617 423 2656 sue
448 2598 574 2674 pristine
598 2599 708 2680 virtutis
734 2597 899 2655 memoriam
924 2597 1089 2662 retinerent,
1113 2617 1175 2654 neu

136 2679 180 2746 ‚³0
189 2676 420 2750 perturbarentur
440 2676 545 2742 animo,
567 2676 744 2749 hostiumque
766 2675 902 2749 impetum
923 2674 1030 2731 sortiter
1050 2675 1175 2734 sustine-

189 2762 262 2844 rept,
276 2749 351 2825 qudd
362 2769 423 2808 non
436 2751 658 2828 longiusfhostes
672 2752 799 2822 uberent,
813 2749 898 2826 quem
911 2750 967 2825 qut
981 2753 1069 2810 telum
1084 2754 1174 2828 adjici

185 2839 292 2906 'posset
305 2827 396 2906 prelii
417 2829 612 2888 committendi
632 2829 746 2907 signum
761 2829 850 2890 dedit.
892 2831 987 2904 Atque
1001 2830 1030 2887 in
1053 2831 1174 2891 alteram

147 2959 149 2966 .
224 2917 296 2966 rtem
310 2907 377 2966 item
388 2908 555 2967 cohortandi
566 2909 654 2966 cause
666 2909 818 2983 profectus,
828 2909 1022 2984 pugnantibus
1035 2910 1172 2968 occurrit.

143 2986 905 3123 etrtlulutltmlltblffelttlttt
916 2989 1173 3123 {ffiffild

186 3141 236 3198 sed
247 3139 377 3200 etiamad
388 3140 485 3217 galeas
493 3105 662 3209 induendas,
674 3144 816 3218 scutisque
827 3084 972 3218 igngmentu
981 3085 1171 3212 detrahendi:

185 3229 297 3296 tempus
316 3219 446 3278 defuerit.
495 3220 593 3282 Quum
616 3221 733 3296 quisque
754 3222 784 3278 in
805 3233 914 3297 purtem
938 3224 974 3279 ab
993 3240 1078 3297 opere
1098 3241 1171 3280 essu

186 3297 308 3382 devenit,
322 3317 440 3376 queque
460 3298 551 3376 prime
571 3299 653 3374 signu
666 3300 823 3376 conspexit,
838 3301 874 3358 ed
888 3301 950 3358 hec
970 3299 1105 3368 constitit,
1119 3317 1169 3368 ne,

187 3389 217 3430 tn
249 3377 469 3448 uerendum,
484 3378 630 3454 pugnandi
644 3389 755 3453 tempus
769 3379 931 3438 dimitteret.
1155 3377 1157 3380 ’

141 3453 177 3512 40
226 3391 328 3538 illu.
368 3455 512 3516 Instructo
525 3456 651 3514 exercitu
676 3455 767 3533 magis
781 3468 812 3515 ut
829 3457 886 3522 loci
901 3467 1012 3523 nature,
1027 3456 1169 3532 dejectus-

186 3545 240 3604 que
256 3525 346 3596 oolltt,
360 3542 389 3587 et
408 3536 563 3594 necessitas
583 3532 826 3613 temporis,jqudrn
840 3546 871 3592 ut
890 3534 932 3591 rei
945 3532 1076 3591 militetis
1095 3535 1168 3594 rstio

186 3617 269 3682 atque
282 3605 351 3664 ordo
420 3613 537 3682 tulebet‚
551 3631 648 3689 quum,
663 3612 780 3670 diversis
800 3611 969 3688 legionibus,
984 3611 1047 3670 alie
1062 3611 1118 3668 uit
1136 3612 1166 3670 in

185 3694 264 3764 purte
297 3683 424 3743 hostius
448 3691 619 3758 resisterent,
641 3691 811 3765 sepibusque
830 3688 1016 3755 densissimis,
1041 3700 1072 3746 ut
1098 3687 1164 3746 unte

185 3761 449 3828 demonstravimus,
472 3762 636 3836 interjectis,
657 3776 822 3839 prospectus
843 3765 1044 3837 impediretur:
1073 3785 1165 3841 neque
