2590 4424
142 315 162 370 2
499 313 547 364 DE
564 313 681 364 BELLO
698 313 857 364 eunuco

192 464 275 528 atque
297 454 442 523 altissimo,
464 455 513 531 qui
535 462 636 532 agrurn
658 455 821 513 Helvetium
843 473 861 512 a
881 454 1034 513 Germanis
1055 454 1173 526 dividit;

192 531 280 590 altera
294 544 422 608 exparte
436 544 533 591 monte
552 535 624 592 duri
638 534 784 605 altissimo,
797 531 846 616 qui
866 543 910 589 est
929 532 1003 590 iuter
1025 533 1175 608 Sequanos

191 610 390 680 etHelvetios;
411 611 504 679 tertii,
519 612 584 670 lacu
603 612 760 678 Lemanno,
775 621 804 668 et
823 609 940 696 flumine
954 609 1109 677 Rhodano,
1123 611 1174 686 qui

192 686 369 746 Provinciam
383 701 510 748 nostram
531 691 567 748 ab
588 689 728 748 Helvetiis
745 688 853 746 dividit.
900 689 956 745 His
976 689 1062 745 rebus
1075 689 1173 761 fiebat,

164 775 223 828 sut
235 777 264 823 et
277 765 372 826 mimis
386 766 443 826 late
463 780 643 846 vagarentur,
657 779 686 825 et
705 766 801 825 minus
812 765 896 824 saeue
918 766 1046 824 finitimis
1067 765 1174 826 bellum

136 861 140 868 ’
191 843 294 901 inferre
307 856 440 921 possent:
461 848 517 921 qui
530 848 566 904 de
580 847 668 922 causi
681 845 811 903 homines
824 844 949 902 bellandi
958 845 1054 920 cupidi
1067 864 1175 922 magno

190 922 284 980 dolore
309 924 513 983 afficiebantur.
563 926 618 985 Pro
638 923 820 982 multitudine
842 933 937 980 autem
961 924 1118 989 hominum,
1142 934 1174 982 et

188 1018 239 1076 pro
260 1001 350 1076 glorii
370 1003 438 1060 belli
456 1016 539 1079 atque
562 1003 743 1069 fortitudinis,
767 1011 901 1076 angustos
922 1020 953 1058 se
973 1001 1045 1058 fines
1066 1002 1173 1060 habere

190 1079 408 1152 arbitrabantur,
422 1083 470 1156 qui
491 1084 520 1139 in
533 1083 740 1158 longitudinem
756 1079 845 1136 millia
858 1097 991 1156 passuum
1006 1079 1125 1146 CCXL,
1141 1079 1172 1138 in

148 1163 181 1218 10
189 1155 367 1215 latitudinem
382 1159 525 1218 CLXXX
538 1162 682 1237 patebant.

228 1234 284 1294 IlL
326 1235 381 1294 His
395 1239 479 1295 rebus
493 1239 618 1313 adducti,
630 1249 659 1295 et
673 1237 839 1294 auctoritate
850 1234 1027 1324 Orgetorigis
1040 1236 1170 1311 permoti,

189 1313 405 1388 constituerunt,
416 1335 460 1387 ea,
469 1337 532 1392 qnae
542 1317 577 1373 ad
587 1316 824 1392 proficiscendum
832 1324 1015 1389 pertinerent,
1025 1319 1172 1390 compara-

188 1410 236 1460 re;
248 1395 440 1467 jumentorum
448 1405 477 1451 et
487 1413 631 1452 carrorum
639 1393 725 1470 qudm
734 1394 889 1450 maximum
897 1411 1047 1448 numerum
1057 1397 1172 1450 coeme-

189 1487 235 1538 re;
251 1481 391 1528 sementes
401 1471 487 1547 quarn
496 1472 635 1532 maximas
643 1473 747 1539 facere,
757 1483 788 1529 ut
798 1471 827 1529 in
837 1471 937 1528 itinere
947 1470 1029 1546 copia
1038 1471 1172 1530 frumenti

124 1623 126 1627 Ι
148 1556 181 1608 15
189 1558 368 1622 suppeteret3
399 1569 465 1607 cum
492 1536 626 1628 proximis
652 1550 813 1608 civitatibus
836 1568 937 1626 pacem
961 1559 990 1605 et
1014 1549 1171 1608 amicitiam

189 1625 365 1685 confirmare.
407 1629 455 1685 Ad
468 1649 517 1686 eas
530 1649 575 1686 res
589 1629 781 1687 conficiendas
796 1627 943 1684 biennium
957 1627 1011 1683 sibi
1026 1625 1094 1685 satis
1107 1647 1171 1686 esse

188 1704 339 1773 duxerunt,
364 1706 394 1763 in
418 1707 531 1766 tertium
556 1727 662 1765 annum
683 1707 886 1783 profectionem
906 1706 969 1782 lege
991 1707 1170 1764 confirmant.

188 1782 236 1838 Ad
259 1803 308 1841 eas
324 1805 369 1842 res
390 1786 584 1844 conficiendas
605 1786 758 1862 Orgetorix
779 1784 920 1862 deligitur.
963 1783 1002 1850 Is,
1024 1783 1073 1840 ubi
1094 1785 1172 1861 lega·

187 1860 294 1919 tionem
308 1864 343 1920 ad
364 1864 492 1923 civitates
513 1865 646 1943 suscepit,
661 1866 692 1922 in
704 1884 739 1922 eo
753 1864 854 1922 itinere
874 1862 1025 1938 persuadet
1043 1862 1170 1931 Castico,

144 1938 431 2000 moatamantaledis
450 1944 516 2012 lilio,
532 1945 675 2019 Sequano,
690 1943 772 2018 cujus
785 1951 865 2018 pater
885 1958 1005 2016 regnum
1020 1941 1049 1997 in
1064 1942 1172 2016 Sequa-

130 2053 136 2064 «
187 2017 232 2074 nis
247 2020 350 2078 multos
366 2041 456 2079 annos
464 2024 640 2088 obtinuerat,
655 2033 684 2079 et
700 2041 718 2078 a
739 2021 768 2077 S.
785 2020 816 2076 P.
832 2019 870 2076 R.
891 2019 1000 2076 amicus
1014 2019 1171 2095 appellatus

187 2108 257 2164 erat,
272 2109 304 2154 ut
327 2118 447 2174 regnum
468 2100 498 2156 in
520 2101 638 2158 civitate
654 2101 886 2175 sudoccuparet,
905 2097 980 2173 quod
1000 2107 1079 2173 pater
1102 2097 1169 2157 ante

187 2174 345 2233 habuerat:
366 2179 489 2253 itemque
510 2177 680 2254 Dumnorigi
695 2177 801 2244 AEduo,
816 2177 894 2234 fratri
910 2175 1055 2248 Divitiaoi,
1069 2178 1117 2251 qui
1133 2196 1170 2234 eo

170 2262 313 2328 ,tempore
333 2256 523 2333 principatum
542 2257 705 2328 incivitate
726 2256 873 2313 obtinebat
894 2274 927 2312 ac
948 2253 1071 2312 maxime
1092 2255 1170 2330 plebi

145 2336 180 2388 25
189 2343 323 2410 acceptus
336 2345 406 2406 erat,
418 2347 449 2393 ut
463 2335 538 2393 idem
549 2346 708 2402 conaretur,
722 2335 883 2410 persuadet,
893 2333 975 2408 eique
986 2333 1073 2390 liliam
1087 2353 1168 2390 suam

188 2409 218 2466 in
232 2413 442 2470 matrimonium
457 2415 513 2471 dat.
555 2415 694 2472 Perfacile
709 2414 786 2472 factu
807 2431 869 2470 esse
883 2412 938 2468 illis
951 2412 1052 2487 probat
1065 2421 1169 2470 conata

187 2489 332 2564 perlicere,
354 2503 502 2569 propterea
514 2492 590 2568 qudd
612 2493 671 2569 ipse
683 2513 741 2550 suae
762 2491 883 2550 civitatis
899 2489 1050 2567 imperium
1071 2491 1169 2548 obten-

187 2579 266 2624 turus
287 2581 376 2627 esset:
398 2591 456 2629 non
476 2592 539 2630 esse
560 2573 688 2643 dubium,
702 2573 771 2646 quin
792 2571 878 2628 totius
892 2569 993 2626 Galliae
1013 2567 1168 2644 plurimum

186 2645 310 2705 Helvetii
331 2662 464 2724 possent:
489 2671 519 2708 se
541 2653 599 2708 suis
612 2652 711 2726 copiis,
731 2669 836 2723 suoque
857 2648 994 2717 exercitu,
1009 2646 1064 2703 illis
1079 2663 1170 2722 regna

144 2727 414 2795 30conciliaturum,
441 2730 599 2802 confirmat.
651 2729 717 2784 Hac
740 2727 868 2785 oratione
893 2725 1018 2796 adducti,
1041 2725 1113 2781 inter
1137 2744 1168 2782 se

186 2802 271 2860 fidem
292 2815 321 2861 et
336 2805 535 2880 jusjurandum
557 2809 635 2878 dant,
650 2817 688 2876 et,
702 2824 790 2880 regno
809 2814 957 2878 occupato,
971 2821 1022 2878 per
1044 2813 1100 2859 tres
1120 2822 1169 2878 po-

185 2881 358 2939 tentissimos
382 2902 416 2962 ac
436 2884 612 2942 firmissimos
632 2883 750 2961 populos
773 2883 857 2940 totius
878 2881 979 2940 Galliae
1003 2899 1064 2937 sese
1085 2882 1167 2956 potiri

185 2979 267 3034 posse
281 2972 402 3036 sperant.
997 3025 999 3036 ,

225 3037 277 3095 IV.
319 3039 363 3096 Ea
376 3061 421 3097 res
435 3051 467 3107 ut
480 3051 523 3097 est
537 3041 676 3098 Helvetiis
689 3060 738 3116 per
753 3040 891 3098 indicium
905 3037 1068 3112 enunciata,
1083 3039 1166 3095 mori'-

143 3115 239 3172 35bus
257 3117 315 3174 suis
335 3117 534 3194 Orgetorigem
554 3139 590 3176 ex
604 3121 724 3176 vinculis
737 3138 854 3176 causam
875 3118 970 3175 dicere
991 3119 1166 3191 coegerunt:

186 3191 485 3272 damnatum'poenain
500 3199 579 3272 sequi
599 3193 754 3272 oportebat,
769 3195 800 3254 tlt
814 3197 873 3272 igni
887 3193 1069 3252 cremaretur.
1113 3193 1167 3252 Die

181 3275 339 3349 vconstitutit
365 3295 460 3334 cause
487 3276 630 3347 dictionis,
654 3275 805 3352 Orgetorix
832 3275 868 3332 ad
891 3273 1032 3350 judicium
1052 3291 1165 3330 omnem

186 3370 266 3408 suam
287 3354 434 3427 familiam,
455 3355 491 3412 ad
510 3353 657 3427 hominum
678 3354 768 3412 millia
788 3354 899 3420 decern,
914 3351 1039 3426 undique
1061 3351 1165 3426 coegit,

186 3440 215 3486 et
234 3449 333 3489 omnes
346 3433 465 3492 clientes
478 3434 672 3509 obaeratosque
691 3453 766 3504 suos,
779 3451 898 3508 quorum
913 3449 1049 3506 magnum
1069 3449 1167 3486 nume·

144 3513 249 3566 rorum
270 3509 402 3584 habebat,
415 3511 519 3572 eodem
541 3513 695 3570 conduxit:
715 3531 765 3589 per
785 3530 843 3584 eos,
860 3529 896 3566 ne
911 3527 1028 3566 causam
1049 3507 1165 3576 diceret,

105 3662 109 3668 Ι
186 3605 216 3642 se
237 3585 348 3662 eripuit.
388 3590 489 3650 Ouum
512 3591 622 3658 civitas,
643 3591 679 3649 ob
700 3611 764 3648 earn
785 3609 845 3648 rem
867 3588 996 3653 incitata,
1019 3585 1104 3642 armis
1121 3587 1166 3662 jus

186 3684 269 3722 suum
289 3668 405 3742 exsequi
420 3681 579 3736 conaretur,
594 3670 860 3744 multitudinemque
881 3665 1029 3723 hominum
1042 3683 1079 3722 ex
1093 3667 1166 3742 agris

185 3743 367 3824 magistratus
391 3759 535 3820 cogerent,
559 3748 711 3824 Orgetorix
733 3758 860 3806 mortuus
883 3754 942 3800 est:
974 3763 1066 3817 neque
1089 3745 1165 3802 abest

186 3823 319 3898 suspicio,
341 3832 374 3880 ut
394 3820 519 3880 Helvetii
541 3825 721 3895 arbitrantur,
735 3824 802 3896 quin
816 3823 876 3895 ipse
890 3820 944 3877 sibi
962 3831 1081 3878 mortem
1101 3841 1166 3880 con-

145 3901 307 3962 lbscirerit
707 3914 709 3918 ’
