2564 4422
486 377 594 429 muna
609 375 756 430 Smin.
1124 393 1162 452 91

167 519 284 580 xvm.
327 519 405 578 Galli
415 537 553 579 seomues
564 520 600 580 ab
613 519 682 580 Dite
693 532 774 598 putre
782 534 934 600 prugnm
942 526 1114 606 prndioant3

126 598 212 676 idque
226 601 264 658 ab
276 591 590 675 Druidibusproditum
603 599 713 658 dieunt
753 601 803 658 Ob
816 621 881 660 eam
893 617 1015 664 oausam
1024 609 1116 684 spitii

124 671 218 738 dnus
238 677 376 754 temporis
396 681 594 738 non·numero
616 678 737 747 dierum,
759 681 814 738 sed
832 682 970 752 nostium,
994 675 1114 745 finiunt:

89 764 93 768 ’
124 757 187 814 dios
206 757 327 824 natales,
342 766 372 813 et
389 755 531 815 mensium
544 765 574 814 et
594 775 733 815 annorum
753 757 836 817 initia
848 759 890 818 sio
910 761 1069 832 observant,
1083 774 1116 823 ut

122 846 242 894 nostem
254 833 317 894 dies
329 835 529 909 subsequatur.
569 833 607 894 In
620 835 735 910 reliquis
748 836 813 896 vitm
826 837 971 915 institutis,
986 841 1041 900 hoo
1056 832 1114 902 ferd
1140 853 1159 905 5

124 915 162 976 sb
175 913 294 989 reliquis
305 914 451 980 differunt,
462 911 540 988 qudd
554 931 620 971 suos
633 914 746 984 liberos,
761 917 817 974 nisi
829 935 917 994 quum
931 919 1114 989 adoleverint,

123 1001 158 1049 ut
179 1011 286 1050 munus
305 991 413 1050 militis
433 991 574 1050 minere
594 993 712 1068 possint,
733 993 827 1070 polim
849 998 885 1054 ad
906 1017 937 1055 se
958 998 1036 1056 edire
1057 1017 1114 1058 uon

121 1070 292 1145 patientum
319 1070 464 1146 filiumque
482 1069 586 1146 puerili
606 1081 688 1128 state
708 1071 740 1129 in
759 1074 884 1148 publioo,
908 1076 938 1134 in
959 1087 1114 1154 eonspeotu

125 1147 228 1223 patris,
248 1149 389 1221 assistere,
402 1159 481 1224 turpe
494 1149 614 1206 ducunt.
1072 1195 1075 1204 .

166 1225 256 1286 XIX.
299 1227 371 1294 Viri,
393 1237 513 1302 quantos
532 1227 672 1304 pecunias
692 1229 730 1286 ab
750 1230 885 1289 uxoribus
905 1233 978 1290 dotis
998 1234 1159 1296 nominoio

123 1315 491 1444 &iiiimxiiii
517 1305 915 1464 ultitimum
934 1311 1114 1450 ularii

114 1462 200 1520 *rstio
208 1463 339 1532 habetur,
351 1463 517 1538 fruetusqne
530 1473 693 1521 servantur:
715 1476 777 1523 uter
787 1485 885 1526 eorum
895 1468 955 1527 vito
964 1409 1126 1547 sdperirit,·

127 1541 167 1598 ad
183 1543 328 1622 aumipars
346 1541 493 1616 utriusque
514 1559 581 1600 oum
602 1541 742 1600 fructibus
759 1546 935 1620 superiorum
955 1543 1123 1626 temporum’

124 1619 265 1696 pervenit.
311 1620 373 1678 Viri
399 1619 429 1678 in
455 1637 568 1688 uxores,
596 1620 672 1677 siout
697 1620 727 1677 in
750 1621 864 1690 liberos,
888 1625 951 1682 ritae
978 1626 1114 1702 necisque
1125 1635 1159 1688 15

125 1697 237 1756 babent
261 1708 444 1774 potestatem:
472 1709 503 1756 et
521 1716 610 1772 quum
632 1708 713 1774 pater
735 1699 859 1767 familiis,
884 1699 1027 1760 illustriori
1050 1703 1114 1762 loeo
1163 1747 1166 1754 r

123 1786 221 1844 nnus,
235 1777 368 1844 deesssit
382 1777 445 1853 ejus
464 1776 615 1852 propinqui
628 1777 811 1844 conveniunt,
825 1787 864 1845 et,
878 1779 914 1835 de
927 1789 1017 1837 morte
1031 1779 1055 1836 si
1068 1799 1114 1838 res
1139 1821 1166 1890 7⁴

123 1854 155 1914 in
176 1854 369 1932 suspicionem
381 1855 470 1923 venit,
484 1855 522 1912 de
539 1854 676 1912 uxoribus
689 1854 719 1912 in
739 1855 869 1913 servilem
889 1858 1005 1915 modum
1024 1877 1146 1934 quoss-un

123 1932 231 1992 tionam
253 1934 378 2004 babent3
406 1944 445 2002 ot,
470 1933 495 1991 si
515 1943 692 2009 oomperturn
712 1943 765 2000 est,
788 1933 850 2011 igni
874 1945 957 2010 atque
980 1936 1113 1994 omnibus
1126 1973 1144 1983 m-

123 2013 273 2071 tormentis
292 2013 474 2072 exoruoistas
501 2011 683 2070 interfioiunt.
735 2009 851 2071 Funera
873 2025 940 2074 sunt
959 2033 1011 2091 pro
1033 2015 1158 2078 oultu20

123 2090 272 2150 Gallorum
284 2091 441 2168 magnifiee
452 2101 483 2149 et
494 2101 678 2167 sumptuosa;
698 2091 860 2168 omniaque,
873 2113 937 2169 quae
949 2093 1020 2152 viris
1032 2095 1113 2154 cordi
1170 2103 1175 2111 '

124 2169 212 2228 inisse
239 2170 421 2238 arbitrantur,
446 2168 477 2227 in
500 2169 598 2246 ignem
620 2169 756 2239 inferunt,
780 2172 868 2230 etism
895 2173 1047 2233 animalia:
1079 2193 1115 2234 ao

122 2248 211 2325 paulo
235 2268 321 2326 supra
341 2250 418 2308 buno
439 2247 606 2306 memoriam
629 2249 703 2307 servi
725 2260 755 2308 et
777 2250 906 2320 clientes,
928 2272 998 2328 quos
1020 2255 1056 2311 ab
1079 2254 1114 2312 iis

118 2327 246 2465 >dbi⁸lgotos
258 2347 322 2386 esse
335 2328 495 2395 oonstabnt,
506 2326 591 2403 justis
609 2327 758 2385 funeribus
771 2330 919 2396 conmotis,
933 2329 992 2388 uni
1006 2351 1115 2390 orema-

185 2417 240 2464 tnr.
1123 2418 1159 2471 25

164 2485 237 2544 XX·
275 2485 353 2548 Qun
374 2484 504 2543 oiritatea
525 2483 703 2543 oomrnodirls
723 2503 804 2542 suern
825 2483 1048 2560 Rempublieam
1067 2489 1115 2544 sd-

123 2563 287 2622 ministrare
307 2564 516 2632 existimantur,
530 2564 639 2624 babent
652 2561 764 2638 legibus
777 2572 918 2630 sanetum,
933 2563 957 2619 si
970 2563 1033 2637 quis
1046 2564 1113 2637 quid
1135 2611 1137 2616 .
1150 2597 1166 2610 -·

123 2643 163 2700 do
184 2643 348 2719 Republioi
370 2661 387 2700 a
406 2641 535 2700 finitimis
557 2656 670 2701 rumore
692 2659 726 2698 uo
747 2641 824 2700 sami
845 2639 997 2716 acceperit,
1018 2640 1060 2700 uti
1077 2643 1113 2699 ad

123 2721 325 2799 magistratum
345 2721 471 2791 deierat3
492 2739 565 2780 nere
578 2738 713 2795 eumque
735 2719 790 2778 alio
807 2719 1016 2790 communiorem
1037 2719 1113 2796 qubd

124 2799 202 2878 serpsi
229 2801 361 2860 homines
385 2799 552 2858 temerarios
578 2810 661 2876 atque
685 2797 829 2875 imperitos
852 2798 931 2857 saleis
954 2800 1159 2863 rumoribuseo

123 2879 235 2948 terreri,
249 2890 280 2937 et
301 2880 338 2938 ad
359 2879 470 2936 sasinus
493 2878 610 2955 impelli,
624 2887 654 2935 et
674 2877 711 2935 de
724 2877 842 2936 summis
861 2878 947 2935 rebus
962 2879 1113 2938 eonsilium

123 2977 229 3035 ospere
243 2957 392 3034 cognitum
404 2967 456 3015 est.
498 2955 694 3032 Magistratus,
708 2975 771 3032 quae
785 2957 846 3014 sisa
858 2967 935 3024 sunt,
949 2957 1113 3028 oooultunt3

111 3050 246 3113 ‘qnoque
266 3055 330 3094 esse
350 3055 387 3094 ex
409 3055 464 3094 usu
483 3033 685 3111 judicaverint,
706 3034 883 3094 multitudini
904 3035 1046 3111 produnt:
1078 3037 1123 3095 de,

124 3115 303 3192 Republica,
317 3115 373 3172 nisi
385 3133 436 3191 per
449 3113 615 3181 oonoilium,
629 3112 706 3189 loqui
719 3131 777 3171 non
791 3113 966 3173 oonoeditur.

162 3194 252 3253 XXI.
295 3193 432 3251 Germani
450 3190 574 3251 multum
598 3191 636 3252 sb
659 3191 714 3250 hte
735 3193 942 3251 consuetudine
962 3192 1159 3254 differuntta'l
1260 3203 1263 3208 ‘

123 3291 194 3332 nam
206 3292 303 3349 neque
316 3272 441 3330 Druides
454 3271 572 3339 habent,
585 3271 635 3345 qui
648 3271 734 3330 rebus
749 3271 853 3329 divinis
865 3270 999 3346 praesint3
1021 3287 1116 3345 neque

124 3353 277 3410 sacrifieiis
296 3351 421 3409 student.
462 3349 589 3408 Deorum
609 3368 729 3408 numero
748 3369 798 3408 eos
817 3349 890 3406 solos
910 3349 1115 3423 ducuntque·

125 3440 259 3500 oemunt,
281 3441 311 3488 et
331 3448 452 3505 quorum
471 3427 569 3505 spertd
590 3428 693 3505 opibus
710 3428 853 3507 juvantur,
876 3425 981 3493 Solem,
1002 3436 1031 3484 et
1044 3426 1117 3486 Vul-

126 3509 243 3577 oenum,
267 3520 298 3567 et
318 3509 451 3567 Lunam:
482 3507 605 3582 reliquos
631 3525 668 3566 ne
694 3503 908 3580 sami'ouidem
932 3520 1113 3582 seneperunt.

126 3585 199 3644 Vita
209 3587 303 3646 omnis
322 3587 354 3645 in
367 3585 566 3652 venationibus
580 3596 664 3662 atque
685 3585 715 3642 in
728 3583 829 3642 studiis
841 3581 884 3640 rei
904 3583 1034 3644 militaris
1047 3592 1158 3646 oon-lo

124 3664 219 3723 sistit:
239 3667 276 3725 ab
288 3665 415 3744 parvulis
431 3664 522 3722 labori
543 3682 577 3722 ao
591 3663 703 3722 durities
716 3663 839 3720 student.
879 3661 943 3724 Qui
956 3665 1113 3722 diutissime
1133 3707 1145 3716 .

124 3744 291 3820 impuberes
316 3752 544 3820 permanserunt,
568 3743 725 3802 maximam
749 3740 822 3797 inter
848 3759 914 3800 suos
935 3743 1030 3800 ierunt
1054 3742 1132 3796 luu-⁸

123 3823 211 3881 dem:
238 3825 295 3882 boo
319 3823 358 3880 nli
371 3832 518 3888 staturam,
533 3820 572 3878 nli
592 3823 647 3880 hoo
667 3819 750 3886 vires,
765 3837 921 3896 nervosque
942 3813 1112 3900 oonlirrnpri,

124 3911 238 3979 potant.
294 3901 377 3960 Intra
412 3917 519 3958 annum
553 3898 620 3958 rard
647 3897 814 3956 vicesimum
845 3897 957 3954 semisse
983 3899 1112 3946 notitiam
