<?xml version="1.0" encoding="UTF-8"?>
<!DOCTYPE html PUBLIC "-//W3C//DTD XHTML 1.0 Transitional//EN"
    "http://www.w3.org/TR/xhtml1/DTD/xhtml1-transitional.dtd">
<html xmlns="http://www.w3.org/1999/xhtml" xml:lang="en" lang="en">
 <head>
  <title>
</title>
<meta http-equiv="Content-Type" content="text/html;charset=utf-8" />
  <meta name='ocr-system' content='tesseract 3.04.00' />
  <meta name='ocr-capabilities' content='ocr_page ocr_carea ocr_par ocr_line ocrx_word'/>
</head>
<body>
  <div class='ocr_page' id='page_1' title='image "./commentariidebe00levegoog_0158.png"; bbox 0 0 2562 4412; ppageno 0'>
   <div class='ocr_carea' id='block_1_1' title="bbox 452 338 1149 406">
    <p class='ocr_par' dir='ltr' id='par_1_1' title="bbox 452 338 1149 406">
     <span class='ocr_line' id='line_1_1' title="bbox 452 338 1149 406; baseline 0.006 -17"><span class='ocrx_word' id='word_1_1' title='bbox 452 338 559 390; x_wconf 78' lang='lat' dir='ltr'><strong>ursas</strong></span> <span class='ocrx_word' id='word_1_2' title='bbox 575 341 751 392; x_wconf 80' lang='lat' dir='ltr'><strong>ocravus.</strong></span> <span class='ocrx_word' id='word_1_3' title='bbox 1037 393 1039 399; x_wconf 15' lang='grc' dir='ltr'><strong>Α</strong></span> <span class='ocrx_word' id='word_1_4' title='bbox 1092 346 1149 406; x_wconf 75' lang='lat'><strong>1⁴⁷</strong></span> 
     </span>
    </p>
   </div>
   <div class='ocr_carea' id='block_1_2' title="bbox 106 481 1099 642">
    <p class='ocr_par' dir='ltr' id='par_1_2' title="bbox 106 481 1099 642">
     <span class='ocr_line' id='line_1_2' title="bbox 106 481 1099 563; baseline 0.001 -20"><span class='ocrx_word' id='word_1_5' title='bbox 106 483 171 543; x_wconf 81' lang='lat' dir='ltr'><strong>cem</strong></span> <span class='ocrx_word' id='word_1_6' title='bbox 181 482 324 561; x_wconf 76' lang='lat' dir='ltr'><strong>praesidio.</strong></span> <span class='ocrx_word' id='word_1_7' title='bbox 366 481 446 541; x_wconf 84' lang='lat' dir='ltr'><strong>Tum</strong></span> <span class='ocrx_word' id='word_1_8' title='bbox 457 484 574 560; x_wconf 70' lang='lat' dir='ltr'><strong>repente</strong></span> <span class='ocrx_word' id='word_1_9' title='bbox 586 485 723 543; x_wconf 78' lang='lat' dir='ltr'><strong>conferte</strong></span> <span class='ocrx_word' id='word_1_10' title='bbox 735 483 864 562; x_wconf 78' lang='lat' dir='ltr'>legiones</span> <span class='ocrx_word' id='word_1_11' title='bbox 872 486 902 544; x_wconf 89' lang='lat' dir='ltr'><strong>in</strong></span> <span class='ocrx_word' id='word_1_12' title='bbox 913 496 1099 563; x_wconf 86' lang='lat' dir='ltr'><strong>conspectum</strong></span> 
     </span>
     <span class='ocr_line' id='line_1_3' title="bbox 107 563 1098 642; baseline 0.001 -19"><span class='ocrx_word' id='word_1_13' title='bbox 107 563 232 622; x_wconf 84' lang='lat' dir='ltr'><strong>bostium</strong></span> <span class='ocrx_word' id='word_1_14' title='bbox 246 563 373 642; x_wconf 80' lang='lat' dir='ltr'><strong>veniunt.</strong></span> <span class='ocrx_word' id='word_1_15' title='bbox 414 563 532 625; x_wconf 81' lang='lat' dir='ltr'>Quibus</span> <span class='ocrx_word' id='word_1_16' title='bbox 547 565 622 632; x_wconf 86' lang='lat' dir='ltr'><strong>visis,</strong></span> <span class='ocrx_word' id='word_1_17' title='bbox 636 564 774 640; x_wconf 72' lang='lat' dir='ltr'><strong>perculsae</strong></span> <span class='ocrx_word' id='word_1_18' title='bbox 790 566 973 624; x_wconf 89' lang='lat' dir='ltr'><strong>barbarorum</strong></span> <span class='ocrx_word' id='word_1_19' title='bbox 987 577 1098 634; x_wconf 82' lang='lat' dir='ltr'><strong>turmae,</strong></span> 
     </span>
    </p>
   </div>
   <div class='ocr_carea' id='block_1_3' title="bbox 20 641 1101 722">
    <p class='ocr_par' dir='ltr' id='par_1_3' title="bbox 20 641 1101 722">
     <span class='ocr_line' id='line_1_4' title="bbox 20 641 1101 722; baseline 0.002 -22"><span class='ocrx_word' id='word_1_20' title='bbox 20 659 23 666; x_wconf 88' lang='grc'>·</span> <span class='ocrx_word' id='word_1_21' title='bbox 107 661 142 701; x_wconf 86' lang='lat' dir='ltr'><strong>ao</strong></span> <span class='ocrx_word' id='word_1_22' title='bbox 162 642 320 718; x_wconf 72' lang='lat' dir='ltr'><strong>perterritae</strong></span> <span class='ocrx_word' id='word_1_23' title='bbox 342 641 419 699; x_wconf 86' lang='lat' dir='ltr'><strong>acies</strong></span> <span class='ocrx_word' id='word_1_24' title='bbox 433 642 566 716; x_wconf 87' lang='lat' dir='ltr'><strong>hostium,</strong></span> <span class='ocrx_word' id='word_1_25' title='bbox 576 645 740 719; x_wconf 90' lang='lat' dir='ltr'><strong>perturbato</strong></span> <span class='ocrx_word' id='word_1_26' title='bbox 764 643 1030 720; x_wconf 71' lang='lat' dir='ltr'><strong>impedimentorum</strong></span> <span class='ocrx_word' id='word_1_27' title='bbox 1053 663 1101 722; x_wconf 86' lang='lat' dir='ltr'><strong>ag·</strong></span> 
     </span>
    </p>
   </div>
   <div class='ocr_carea' id='block_1_4' title="bbox 29 720 1153 1665">
    <p class='ocr_par' dir='ltr' id='par_1_4' title="bbox 30 720 1145 1350">
     <span class='ocr_line' id='line_1_5' title="bbox 106 720 1098 799; baseline 0.003 -21"><span class='ocrx_word' id='word_1_28' title='bbox 106 722 195 788; x_wconf 89' lang='lat' dir='ltr'><strong>mine,</strong></span> <span class='ocrx_word' id='word_1_29' title='bbox 217 739 323 798; x_wconf 90' lang='lat' dir='ltr'><strong>magno</strong></span> <span class='ocrx_word' id='word_1_30' title='bbox 336 720 461 796; x_wconf 85' lang='lat' dir='ltr'><strong>clamore</strong></span> <span class='ocrx_word' id='word_1_31' title='bbox 482 722 668 797; x_wconf 79' lang='lat' dir='ltr'><strong>discursuque</strong></span> <span class='ocrx_word' id='word_1_32' title='bbox 687 722 792 798; x_wconf 89' lang='lat' dir='ltr'><strong>passim</strong></span> <span class='ocrx_word' id='word_1_33' title='bbox 815 723 889 799; x_wconf 79' lang='lat' dir='ltr'><strong>iirgae</strong></span> <span class='ocrx_word' id='word_1_34' title='bbox 907 742 938 780; x_wconf 91' lang='lat' dir='ltr'><strong>se</strong></span> <span class='ocrx_word' id='word_1_35' title='bbox 952 725 1098 782; x_wconf 88' lang='lat' dir='ltr'><strong>mandant.</strong></span> 
     </span>
     <span class='ocr_line' id='line_1_6' title="bbox 107 799 1145 875; baseline 0.003 -17"><span class='ocrx_word' id='word_1_36' title='bbox 107 801 148 858; x_wconf 82' lang='lat' dir='ltr'><strong>Ar</strong></span> <span class='ocrx_word' id='word_1_37' title='bbox 159 801 252 858; x_wconf 82' lang='lat' dir='ltr'><strong>nostri</strong></span> <span class='ocrx_word' id='word_1_38' title='bbox 265 799 384 875; x_wconf 77' lang='lat' dir='ltr'><strong>equites,</strong></span> <span class='ocrx_word' id='word_1_39' title='bbox 399 799 447 874; x_wconf 91' lang='lat' dir='ltr'><strong>qui</strong></span> <span class='ocrx_word' id='word_1_40' title='bbox 460 799 547 875; x_wconf 87' lang='lat' dir='ltr'><strong>pauld</strong></span> <span class='ocrx_word' id='word_1_41' title='bbox 568 800 636 858; x_wconf 78' lang='lat' dir='ltr'><strong>antd</strong></span> <span class='ocrx_word' id='word_1_42' title='bbox 651 821 716 858; x_wconf 91' lang='lat' dir='ltr'><strong>cum</strong></span> <span class='ocrx_word' id='word_1_43' title='bbox 735 801 934 859; x_wconf 86' lang='lat' dir='ltr'><strong>resistentibus</strong></span> <span class='ocrx_word' id='word_1_44' title='bbox 947 802 1099 861; x_wconf 71' lang='lat' dir='ltr'><strong>fortissime</strong></span> <span class='ocrx_word' id='word_1_45' title='bbox 1126 807 1145 861; x_wconf 83' lang='lat'>5</span> 
     </span>
     <span class='ocr_line' id='line_1_7' title="bbox 106 877 1100 958; baseline 0.002 -21"><span class='ocrx_word' id='word_1_46' title='bbox 106 879 306 946; x_wconf 87' lang='lat' dir='ltr'><strong>conflixerant,</strong></span> <span class='ocrx_word' id='word_1_47' title='bbox 334 877 433 936; x_wconf 69' lang='lat' dir='ltr'><strong>laetitia</strong></span> <span class='ocrx_word' id='word_1_48' title='bbox 453 878 579 936; x_wconf 83' lang='lat' dir='ltr'><strong>victoriae</strong></span> <span class='ocrx_word' id='word_1_49' title='bbox 602 879 680 947; x_wconf 89' lang='lat' dir='ltr'><strong>elati,</strong></span> <span class='ocrx_word' id='word_1_50' title='bbox 702 899 808 956; x_wconf 88' lang='lat' dir='ltr'><strong>magno</strong></span> <span class='ocrx_word' id='word_1_51' title='bbox 831 881 957 958; x_wconf 72' lang='lat' dir='ltr'><strong>undique</strong></span> <span class='ocrx_word' id='word_1_52' title='bbox 976 881 1100 939; x_wconf 87' lang='lat' dir='ltr'><strong>clamore</strong></span> 
     </span>
     <span class='ocr_line' id='line_1_8' title="bbox 106 957 1099 1035; baseline 0 -19"><span class='ocrx_word' id='word_1_53' title='bbox 106 959 230 1026; x_wconf 85' lang='lat' dir='ltr'><strong>sublato,</strong></span> <span class='ocrx_word' id='word_1_54' title='bbox 255 957 425 1015; x_wconf 79' lang='lat' dir='ltr'><strong>cedentibus</strong></span> <span class='ocrx_word' id='word_1_55' title='bbox 450 957 628 1026; x_wconf 79' lang='lat' dir='ltr'><strong>circumfusi,</strong></span> <span class='ocrx_word' id='word_1_56' title='bbox 649 959 789 1032; x_wconf 68' lang='lat' dir='ltr'><strong>quantiam</strong></span> <span class='ocrx_word' id='word_1_57' title='bbox 815 979 952 1035; x_wconf 88' lang='lat' dir='ltr'><strong>equorum</strong></span> <span class='ocrx_word' id='word_1_58' title='bbox 975 959 1050 1016; x_wconf 81' lang='lat' dir='ltr'><strong>vires</strong></span> <span class='ocrx_word' id='word_1_59' title='bbox 1063 960 1099 1018; x_wconf 88' lang='lat' dir='ltr'><strong>ad</strong></span> 
     </span>
     <span class='ocr_line' id='line_1_9' title="bbox 30 1036 1100 1114; baseline 0.001 -19"><span class='ocrx_word' id='word_1_60' title='bbox 30 1051 33 1060; x_wconf 90' lang='grc'><strong><em>·</em></strong></span> <span class='ocrx_word' id='word_1_61' title='bbox 105 1038 335 1114; x_wconf 85' lang='lat' dir='ltr'><strong>persequendum</strong></span> <span class='ocrx_word' id='word_1_62' title='bbox 357 1036 520 1112; x_wconf 81' lang='lat' dir='ltr'><strong>dextraeque</strong></span> <span class='ocrx_word' id='word_1_63' title='bbox 544 1038 581 1094; x_wconf 91' lang='lat' dir='ltr'><strong>ad</strong></span> <span class='ocrx_word' id='word_1_64' title='bbox 602 1039 773 1094; x_wconf 76' lang='lat' dir='ltr'><strong>caedendum</strong></span> <span class='ocrx_word' id='word_1_65' title='bbox 799 1039 904 1105; x_wconf 84' lang='lat' dir='ltr'><strong>valent,</strong></span> <span class='ocrx_word' id='word_1_66' title='bbox 926 1037 1038 1097; x_wconf 78' lang='lat' dir='ltr'><strong>tantiam</strong></span> <span class='ocrx_word' id='word_1_67' title='bbox 1064 1057 1100 1096; x_wconf 91' lang='lat' dir='ltr'><strong>eo</strong></span> 
     </span>
     <span class='ocr_line' id='line_1_10' title="bbox 106 1114 1100 1193; baseline 0.002 -20"><span class='ocrx_word' id='word_1_68' title='bbox 106 1117 205 1193; x_wconf 79' lang='lat' dir='ltr'><strong>praelio</strong></span> <span class='ocrx_word' id='word_1_69' title='bbox 219 1115 403 1173; x_wconf 87' lang='lat' dir='ltr'><strong>interficiunt.</strong></span> <span class='ocrx_word' id='word_1_70' title='bbox 446 1115 547 1191; x_wconf 87' lang='lat' dir='ltr'><strong>Itaque</strong></span> <span class='ocrx_word' id='word_1_71' title='bbox 562 1114 684 1192; x_wconf 76' lang='lat' dir='ltr'><strong>amplius</strong></span> <span class='ocrx_word' id='word_1_72' title='bbox 698 1116 824 1173; x_wconf 90' lang='lat' dir='ltr'><strong>millibus</strong></span> <span class='ocrx_word' id='word_1_73' title='bbox 837 1117 899 1174; x_wconf 88' lang='lat' dir='ltr'><strong>XII</strong></span> <span class='ocrx_word' id='word_1_74' title='bbox 917 1127 967 1174; x_wconf 83' lang='lat' dir='ltr'><strong>aut</strong></span> <span class='ocrx_word' id='word_1_75' title='bbox 980 1127 1100 1175; x_wconf 87' lang='lat' dir='ltr'><strong>armato-</strong></span> 
     </span>
     <span class='ocr_line' id='line_1_11' title="bbox 106 1194 1145 1271; baseline 0.002 -19"><span class='ocrx_word' id='word_1_76' title='bbox 106 1215 181 1263; x_wconf 90' lang='lat' dir='ltr'><strong>rum,</strong></span> <span class='ocrx_word' id='word_1_77' title='bbox 206 1205 255 1252; x_wconf 88' lang='lat' dir='ltr'><strong>aut</strong></span> <span class='ocrx_word' id='word_1_78' title='bbox 281 1213 389 1262; x_wconf 91' lang='lat' dir='ltr'><strong>eorum,</strong></span> <span class='ocrx_word' id='word_1_79' title='bbox 413 1194 461 1270; x_wconf 90' lang='lat' dir='ltr'><strong>qui</strong></span> <span class='ocrx_word' id='word_1_80' title='bbox 488 1195 589 1252; x_wconf 90' lang='lat' dir='ltr'><strong>timore</strong></span> <span class='ocrx_word' id='word_1_81' title='bbox 617 1213 696 1252; x_wconf 89' lang='lat' dir='ltr'><strong>arma</strong></span> <span class='ocrx_word' id='word_1_82' title='bbox 717 1196 907 1271; x_wconf 87' lang='lat' dir='ltr'><strong>projecerant,</strong></span> <span class='ocrx_word' id='word_1_83' title='bbox 932 1196 1145 1264; x_wconf 87' lang='lat' dir='ltr'><strong>interfectis,10</strong></span> 
     </span>
     <span class='ocr_line' id='line_1_12' title="bbox 106 1273 783 1350; baseline -0.001 -18"><span class='ocrx_word' id='word_1_84' title='bbox 106 1273 201 1332; x_wconf 90' lang='lat' dir='ltr'><strong>omnis</strong></span> <span class='ocrx_word' id='word_1_85' title='bbox 214 1273 366 1331; x_wconf 84' lang='lat' dir='ltr'><strong>multitudo</strong></span> <span class='ocrx_word' id='word_1_86' title='bbox 380 1273 491 1348; x_wconf 87' lang='lat' dir='ltr'><strong>capitur</strong></span> <span class='ocrx_word' id='word_1_87' title='bbox 506 1273 783 1350; x_wconf 87' lang='lat' dir='ltr'><strong>impedimentorum.</strong></span> 
     </span>
    </p>

    <p class='ocr_par' dir='ltr' id='par_1_5' title="bbox 29 1349 1153 1665">
     <span class='ocr_line' id='line_1_13' title="bbox 146 1349 1153 1430; baseline 0.002 -20"><span class='ocrx_word' id='word_1_88' title='bbox 146 1352 248 1410; x_wconf 88' lang='lat' dir='ltr'>XXX.</span> <span class='ocrx_word' id='word_1_89' title='bbox 289 1352 360 1414; x_wconf 79' lang='lat' dir='ltr'><strong>Qua</strong></span> <span class='ocrx_word' id='word_1_90' title='bbox 368 1371 404 1409; x_wconf 85' lang='lat' dir='ltr'><strong>ex</strong></span> <span class='ocrx_word' id='word_1_91' title='bbox 413 1352 490 1428; x_wconf 69' lang='lat' dir='ltr'><strong>fuga,</strong></span> <span class='ocrx_word' id='word_1_92' title='bbox 499 1371 586 1428; x_wconf 90' lang='lat' dir='ltr'><strong>quum</strong></span> <span class='ocrx_word' id='word_1_93' title='bbox 595 1363 748 1421; x_wconf 89' lang='lat' dir='ltr'><strong>constaret,</strong></span> <span class='ocrx_word' id='word_1_94' title='bbox 764 1353 929 1430; x_wconf 89' lang='lat' dir='ltr'><strong>Drappeten</strong></span> <span class='ocrx_word' id='word_1_95' title='bbox 944 1349 1098 1422; x_wconf 87' lang='lat' dir='ltr'><strong>Senonem,</strong></span> <span class='ocrx_word' id='word_1_96' title='bbox 1149 1403 1153 1412; x_wconf 76' lang='grc'><em>,</em></span> 
     </span>
     <span class='ocr_line' id='line_1_14' title="bbox 35 1429 1100 1510; baseline 0.002 -22"><span class='ocrx_word' id='word_1_97' title='bbox 35 1501 37 1508; x_wconf 28' lang='grc' dir='ltr'>Ι</span> <span class='ocrx_word' id='word_1_98' title='bbox 109 1431 182 1510; x_wconf 89' lang='lat' dir='ltr'><strong>(qui,</strong></span> <span class='ocrx_word' id='word_1_99' title='bbox 204 1441 236 1488; x_wconf 89' lang='lat' dir='ltr'><strong>ut</strong></span> <span class='ocrx_word' id='word_1_100' title='bbox 256 1429 380 1507; x_wconf 79' lang='lat' dir='ltr'><strong>primirm</strong></span> <span class='ocrx_word' id='word_1_101' title='bbox 401 1429 545 1490; x_wconf 87' lang='lat' dir='ltr'><strong>defecerat</strong></span> <span class='ocrx_word' id='word_1_102' title='bbox 565 1433 669 1500; x_wconf 85' lang='lat' dir='ltr'><strong>Gallia,</strong></span> <span class='ocrx_word' id='word_1_103' title='bbox 687 1432 819 1491; x_wconf 86' lang='lat' dir='ltr'><strong>collectis</strong></span> <span class='ocrx_word' id='word_1_104' title='bbox 835 1434 961 1508; x_wconf 90' lang='lat' dir='ltr'><strong>undique</strong></span> <span class='ocrx_word' id='word_1_105' title='bbox 982 1433 1100 1509; x_wconf 89' lang='lat' dir='ltr'><strong>perditis</strong></span> 
     </span>
     <span class='ocr_line' id='line_1_15' title="bbox 107 1509 1147 1582; baseline 0.002 -14"><span class='ocrx_word' id='word_1_106' title='bbox 107 1509 281 1578; x_wconf 90' lang='lat' dir='ltr'><strong>hominibus,</strong></span> <span class='ocrx_word' id='word_1_107' title='bbox 306 1510 394 1567; x_wconf 89' lang='lat' dir='ltr'><strong>servis</strong></span> <span class='ocrx_word' id='word_1_108' title='bbox 418 1511 454 1567; x_wconf 90' lang='lat' dir='ltr'><strong>ad</strong></span> <span class='ocrx_word' id='word_1_109' title='bbox 477 1509 637 1569; x_wconf 89' lang='lat' dir='ltr'><strong>libertatem</strong></span> <span class='ocrx_word' id='word_1_110' title='bbox 664 1512 781 1580; x_wconf 82' lang='lat' dir='ltr'><strong>vocatis,</strong></span> <span class='ocrx_word' id='word_1_111' title='bbox 805 1513 951 1570; x_wconf 83' lang='lat' dir='ltr'><strong>exsulibus</strong></span> <span class='ocrx_word' id='word_1_112' title='bbox 971 1513 1100 1571; x_wconf 90' lang='lat' dir='ltr'><strong>omnium</strong></span> <span class='ocrx_word' id='word_1_113' title='bbox 1139 1566 1147 1582; x_wconf 85' lang='grc'><strong>,</strong></span> 
     </span>
     <span class='ocr_line' id='line_1_16' title="bbox 29 1589 1144 1665; baseline 0.002 -19"><span class='ocrx_word' id='word_1_114' title='bbox 29 1613 33 1624; x_wconf 92' lang='grc'>·</span> <span class='ocrx_word' id='word_1_115' title='bbox 106 1589 267 1647; x_wconf 83' lang='lat' dir='ltr'><strong>civitatium</strong></span> <span class='ocrx_word' id='word_1_116' title='bbox 282 1589 409 1657; x_wconf 82' lang='lat' dir='ltr'><strong>adscitis,</strong></span> <span class='ocrx_word' id='word_1_117' title='bbox 431 1589 554 1665; x_wconf 87' lang='lat' dir='ltr'><strong>receptis</strong></span> <span class='ocrx_word' id='word_1_118' title='bbox 575 1590 741 1657; x_wconf 86' lang='lat' dir='ltr'><strong>latronibus,</strong></span> <span class='ocrx_word' id='word_1_119' title='bbox 757 1591 962 1665; x_wconf 88' lang='lat' dir='ltr'><strong>impedimenta</strong></span> <span class='ocrx_word' id='word_1_120' title='bbox 976 1603 1005 1648; x_wconf 87' lang='lat' dir='ltr'><strong>et</strong></span> <span class='ocrx_word' id='word_1_121' title='bbox 1023 1611 1100 1649; x_wconf 90' lang='lat' dir='ltr'><strong>com-</strong></span> <span class='ocrx_word' id='word_1_122' title='bbox 1111 1596 1144 1648; x_wconf 86' lang='lat'><strong>15</strong></span> 
     </span>
    </p>
   </div>
   <div class='ocr_carea' id='block_1_5' title="bbox 16 1667 1100 1745">
    <p class='ocr_par' dir='ltr' id='par_1_6' title="bbox 16 1667 1100 1745">
     <span class='ocr_line' id='line_1_17' title="bbox 16 1667 1100 1745; baseline -0.001 -18"><span class='ocrx_word' id='word_1_123' title='bbox 16 1737 17 1742; x_wconf 7' lang='grc' dir='ltr'>ἵ</span> <span class='ocrx_word' id='word_1_124' title='bbox 108 1679 221 1727; x_wconf 89' lang='lat' dir='ltr'><strong>meatus</strong></span> <span class='ocrx_word' id='word_1_125' title='bbox 242 1669 439 1726; x_wconf 82' lang='lat' dir='ltr'><strong>Romanorum</strong></span> <span class='ocrx_word' id='word_1_126' title='bbox 460 1667 676 1745; x_wconf 64' lang='lat' dir='ltr'><strong>interceperat)</strong></span> <span class='ocrx_word' id='word_1_127' title='bbox 691 1687 749 1724; x_wconf 90' lang='lat' dir='ltr'><strong>non</strong></span> <span class='ocrx_word' id='word_1_128' title='bbox 771 1667 893 1743; x_wconf 83' lang='lat' dir='ltr'><strong>ampliirs</strong></span> <span class='ocrx_word' id='word_1_129' title='bbox 913 1670 1060 1726; x_wconf 90' lang='lat' dir='ltr'><strong>hominum</strong></span> <span class='ocrx_word' id='word_1_130' title='bbox 1072 1670 1100 1726; x_wconf 88' lang='lat' dir='ltr'>V</span> 
     </span>
    </p>
   </div>
   <div class='ocr_carea' id='block_1_6' title="bbox 107 1745 1149 3950">
    <p class='ocr_par' dir='ltr' id='par_1_7' title="bbox 107 1745 1145 2295">
     <span class='ocr_line' id='line_1_18' title="bbox 107 1745 1100 1823; baseline -0.002 -18"><span class='ocrx_word' id='word_1_131' title='bbox 107 1748 234 1806; x_wconf 91' lang='lat' dir='ltr'><strong>millibus</strong></span> <span class='ocrx_word' id='word_1_132' title='bbox 255 1767 291 1804; x_wconf 85' lang='lat' dir='ltr'><strong>ex</strong></span> <span class='ocrx_word' id='word_1_133' title='bbox 318 1747 386 1823; x_wconf 72' lang='lat' dir='ltr'><strong>fugi</strong></span> <span class='ocrx_word' id='word_1_134' title='bbox 406 1745 543 1814; x_wconf 88' lang='lat' dir='ltr'><strong>collectis,</strong></span> <span class='ocrx_word' id='word_1_135' title='bbox 565 1746 746 1804; x_wconf 85' lang='lat' dir='ltr'><strong>Provinciam</strong></span> <span class='ocrx_word' id='word_1_136' title='bbox 769 1757 875 1821; x_wconf 89' lang='lat' dir='ltr'><strong>petere,</strong></span> <span class='ocrx_word' id='word_1_137' title='bbox 898 1745 1011 1821; x_wconf 70' lang='lat' dir='ltr'><strong>unique</strong></span> <span class='ocrx_word' id='word_1_138' title='bbox 1032 1764 1100 1804; x_wconf 89' lang='lat' dir='ltr'><strong>con-</strong></span> 
     </span>
     <span class='ocr_line' id='line_1_19' title="bbox 107 1824 1099 1902; baseline -0.003 -17"><span class='ocrx_word' id='word_1_139' title='bbox 107 1827 204 1885; x_wconf 88' lang='lat' dir='ltr'><strong>silium</strong></span> <span class='ocrx_word' id='word_1_140' title='bbox 218 1844 285 1884; x_wconf 88' lang='lat' dir='ltr'><strong>cum</strong></span> <span class='ocrx_word' id='word_1_141' title='bbox 295 1845 330 1883; x_wconf 91' lang='lat' dir='ltr'><strong>eo</strong></span> <span class='ocrx_word' id='word_1_142' title='bbox 344 1825 511 1882; x_wconf 88' lang='lat' dir='ltr'><strong>Lucterium</strong></span> <span class='ocrx_word' id='word_1_143' title='bbox 522 1826 688 1883; x_wconf 80' lang='lat' dir='ltr'><strong>Cadurcum</strong></span> <span class='ocrx_word' id='word_1_144' title='bbox 703 1824 823 1900; x_wconf 90' lang='lat' dir='ltr'><strong>cepisse,</strong></span> <span class='ocrx_word' id='word_1_145' title='bbox 836 1825 944 1902; x_wconf 92' lang='lat' dir='ltr'><strong>(quern,</strong></span> <span class='ocrx_word' id='word_1_146' title='bbox 956 1825 1099 1900; x_wconf 88' lang='lat' dir='ltr'><strong>superiore</strong></span> 
     </span>
     <span class='ocr_line' id='line_1_20' title="bbox 107 1903 1099 1981; baseline -0.001 -18"><span class='ocrx_word' id='word_1_147' title='bbox 107 1906 333 1972; x_wconf 89' lang='lat' dir='ltr'><strong>Commentario,</strong></span> <span class='ocrx_word' id='word_1_148' title='bbox 348 1905 440 1981; x_wconf 75' lang='lat' dir='ltr'><strong>prima</strong></span> <span class='ocrx_word' id='word_1_149' title='bbox 461 1904 622 1963; x_wconf 89' lang='lat' dir='ltr'><strong>defectione</strong></span> <span class='ocrx_word' id='word_1_150' title='bbox 635 1903 747 1970; x_wconf 82' lang='lat' dir='ltr'><strong>Galliae,</strong></span> <span class='ocrx_word' id='word_1_151' title='bbox 763 1904 857 1961; x_wconf 87' lang='lat' dir='ltr'><strong>facere</strong></span> <span class='ocrx_word' id='word_1_152' title='bbox 871 1904 901 1960; x_wconf 91' lang='lat' dir='ltr'><strong>in</strong></span> <span class='ocrx_word' id='word_1_153' title='bbox 919 1903 1099 1962; x_wconf 83' lang='lat' dir='ltr'><strong>Provinciam</strong></span> 
     </span>
     <span class='ocr_line' id='line_1_21' title="bbox 108 1982 1145 2063; baseline -0.002 -22"><span class='ocrx_word' id='word_1_154' title='bbox 108 1985 247 2062; x_wconf 87' lang='lat' dir='ltr'><strong>impetum</strong></span> <span class='ocrx_word' id='word_1_155' title='bbox 276 1985 407 2051; x_wconf 88' lang='lat' dir='ltr'><strong>voluisse,</strong></span> <span class='ocrx_word' id='word_1_156' title='bbox 435 1983 583 2059; x_wconf 80' lang='lat' dir='ltr'><strong>cognitum</strong></span> <span class='ocrx_word' id='word_1_157' title='bbox 609 1993 653 2040; x_wconf 89' lang='lat' dir='ltr'><strong>est</strong></span> <span class='ocrx_word' id='word_1_158' title='bbox 664 1985 686 2063; x_wconf 74' lang='grc' dir='ltr'><strong>ς)</strong></span> <span class='ocrx_word' id='word_1_159' title='bbox 721 1982 863 2040; x_wconf 80' lang='lat' dir='ltr'><strong>Caninius</strong></span> <span class='ocrx_word' id='word_1_160' title='bbox 895 1982 1006 2058; x_wconf 88' lang='lat' dir='ltr'><strong>legatus</strong></span> <span class='ocrx_word' id='word_1_161' title='bbox 1032 1987 1145 2050; x_wconf 64' lang='lat' dir='ltr'><strong>comat)</strong></span> 
     </span>
     <span class='ocr_line' id='line_1_22' title="bbox 107 2061 1100 2140; baseline -0.001 -19"><span class='ocrx_word' id='word_1_162' title='bbox 107 2063 271 2140; x_wconf 86' lang='lat' dir='ltr'><strong>legionibus</strong></span> <span class='ocrx_word' id='word_1_163' title='bbox 282 2062 313 2119; x_wconf 93' lang='grc' dir='ltr'><strong>ΙΙ</strong></span> <span class='ocrx_word' id='word_1_164' title='bbox 326 2063 361 2120; x_wconf 91' lang='lat' dir='ltr'><strong>ad</strong></span> <span class='ocrx_word' id='word_1_165' title='bbox 376 2081 424 2120; x_wconf 89' lang='lat' dir='ltr'><strong>eos</strong></span> <span class='ocrx_word' id='word_1_166' title='bbox 438 2063 648 2138; x_wconf 89' lang='lat' dir='ltr'><strong>persequendos</strong></span> <span class='ocrx_word' id='word_1_167' title='bbox 662 2061 819 2134; x_wconf 86' lang='lat' dir='ltr'><strong>contendit,</strong></span> <span class='ocrx_word' id='word_1_168' title='bbox 830 2079 868 2118; x_wconf 88' lang='lat' dir='ltr'><strong>ne</strong></span> <span class='ocrx_word' id='word_1_169' title='bbox 882 2061 918 2118; x_wconf 88' lang='lat' dir='ltr'><strong>de</strong></span> <span class='ocrx_word' id='word_1_170' title='bbox 929 2061 1100 2120; x_wconf 88' lang='lat' dir='ltr'><strong>detrimento</strong></span> 
     </span>
     <span class='ocr_line' id='line_1_23' title="bbox 109 2139 1099 2218; baseline -0.002 -18"><span class='ocrx_word' id='word_1_171' title='bbox 109 2153 158 2201; x_wconf 85' lang='lat' dir='ltr'><strong>aut</strong></span> <span class='ocrx_word' id='word_1_172' title='bbox 175 2143 278 2200; x_wconf 90' lang='lat' dir='ltr'><strong>timore</strong></span> <span class='ocrx_word' id='word_1_173' title='bbox 299 2141 457 2199; x_wconf 80' lang='lat' dir='ltr'><strong>Provinciae</strong></span> <span class='ocrx_word' id='word_1_174' title='bbox 481 2159 586 2218; x_wconf 85' lang='lat' dir='ltr'><strong>magna</strong></span> <span class='ocrx_word' id='word_1_175' title='bbox 608 2141 735 2210; x_wconf 66' lang='lat' dir='ltr'><strong>insania,</strong></span> <span class='ocrx_word' id='word_1_176' title='bbox 757 2141 931 2216; x_wconf 89' lang='lat' dir='ltr'><strong>perditorum</strong></span> <span class='ocrx_word' id='word_1_177' title='bbox 952 2139 1099 2199; x_wconf 89' lang='lat' dir='ltr'><strong>hominum</strong></span> 
     </span>
     <span class='ocr_line' id='line_1_24' title="bbox 108 2220 1057 2295; baseline -0.004 -17"><span class='ocrx_word' id='word_1_178' title='bbox 108 2220 277 2292; x_wconf 88' lang='lat' dir='ltr'><strong>latrociniis,</strong></span> <span class='ocrx_word' id='word_1_179' title='bbox 292 2230 450 2295; x_wconf 89' lang='lat' dir='ltr'><strong>caperetur.</strong></span> <span class='ocrx_word' id='word_1_180' title='bbox 946 2281 951 2293; x_wconf 31' lang='grc' dir='ltr'>ι</span> <span class='ocrx_word' id='word_1_181' title='bbox 1054 2245 1057 2254; x_wconf 67' lang='lat'><strong><em>¹</em></strong></span> 
     </span>
    </p>

    <p class='ocr_par' dir='ltr' id='par_1_8' title="bbox 108 2297 1149 3400">
     <span class='ocr_line' id='line_1_25' title="bbox 147 2297 1099 2375; baseline 0.002 -19"><span class='ocrx_word' id='word_1_182' title='bbox 147 2297 268 2356; x_wconf 83' lang='lat' dir='ltr'>XXXI.</span> <span class='ocrx_word' id='word_1_183' title='bbox 309 2298 344 2355; x_wconf 89' lang='lat' dir='ltr'><strong>C.</strong></span> <span class='ocrx_word' id='word_1_184' title='bbox 372 2297 481 2356; x_wconf 81' lang='lat' dir='ltr'><strong>Fabius</strong></span> <span class='ocrx_word' id='word_1_185' title='bbox 510 2317 578 2356; x_wconf 90' lang='lat' dir='ltr'><strong>curn</strong></span> <span class='ocrx_word' id='word_1_186' title='bbox 610 2300 719 2375; x_wconf 87' lang='lat' dir='ltr'><strong>reliquo</strong></span> <span class='ocrx_word' id='word_1_187' title='bbox 744 2300 871 2358; x_wconf 87' lang='lat' dir='ltr'><strong>exercitu</strong></span> <span class='ocrx_word' id='word_1_188' title='bbox 899 2301 930 2358; x_wconf 88' lang='lat' dir='ltr'><strong>in</strong></span> <span class='ocrx_word' id='word_1_189' title='bbox 956 2300 1099 2358; x_wconf 85' lang='lat' dir='ltr'><strong>Carnutes</strong></span> 
     </span>
     <span class='ocr_line' id='line_1_26' title="bbox 108 2376 1147 2453; baseline 0.002 -18"><span class='ocrx_word' id='word_1_190' title='bbox 108 2386 283 2453; x_wconf 79' lang='lat' dir='ltr'><strong>caeterasque</strong></span> <span class='ocrx_word' id='word_1_191' title='bbox 293 2376 483 2452; x_wconf 85' lang='lat' dir='ltr'><strong>proficiscitur</strong></span> <span class='ocrx_word' id='word_1_192' title='bbox 494 2377 634 2447; x_wconf 86' lang='lat' dir='ltr'><strong>civitates,</strong></span> <span class='ocrx_word' id='word_1_193' title='bbox 648 2397 768 2453; x_wconf 89' lang='lat' dir='ltr'><strong>quarum</strong></span> <span class='ocrx_word' id='word_1_194' title='bbox 781 2397 817 2434; x_wconf 88' lang='lat' dir='ltr'><strong>eo</strong></span> <span class='ocrx_word' id='word_1_195' title='bbox 827 2378 932 2452; x_wconf 79' lang='lat' dir='ltr'><strong>praelio,</strong></span> <span class='ocrx_word' id='word_1_196' title='bbox 944 2381 1019 2453; x_wconf 92' lang='lat' dir='ltr'><strong>quod</strong></span> <span class='ocrx_word' id='word_1_197' title='bbox 1033 2397 1099 2436; x_wconf 87' lang='lat' dir='ltr'><strong>cum</strong></span> <span class='ocrx_word' id='word_1_198' title='bbox 1109 2383 1147 2438; x_wconf 70' lang='lat'><strong>25</strong></span> 
     </span>
     <span class='ocr_line' id='line_1_27' title="bbox 108 2455 1100 2530; baseline 0.002 -17"><span class='ocrx_word' id='word_1_199' title='bbox 108 2456 262 2514; x_wconf 84' lang='lat' dir='ltr'><strong>Dumnaco</strong></span> <span class='ocrx_word' id='word_1_200' title='bbox 286 2456 401 2523; x_wconf 88' lang='lat' dir='ltr'><strong>fecerat,</strong></span> <span class='ocrx_word' id='word_1_201' title='bbox 426 2455 523 2530; x_wconf 87' lang='lat' dir='ltr'><strong>copias</strong></span> <span class='ocrx_word' id='word_1_202' title='bbox 546 2474 609 2512; x_wconf 87' lang='lat' dir='ltr'><strong>esse</strong></span> <span class='ocrx_word' id='word_1_203' title='bbox 633 2457 743 2514; x_wconf 88' lang='lat' dir='ltr'><strong>accisas</strong></span> <span class='ocrx_word' id='word_1_204' title='bbox 766 2456 884 2512; x_wconf 88' lang='lat' dir='ltr'><strong>sciebat.</strong></span> <span class='ocrx_word' id='word_1_205' title='bbox 930 2455 998 2512; x_wconf 91' lang='lat' dir='ltr'><strong>Non</strong></span> <span class='ocrx_word' id='word_1_206' title='bbox 1022 2458 1100 2515; x_wconf 88' lang='lat' dir='ltr'><strong>enim</strong></span> 
     </span>
     <span class='ocr_line' id='line_1_28' title="bbox 109 2533 1099 2610; baseline -0.001 -18"><span class='ocrx_word' id='word_1_207' title='bbox 109 2536 268 2602; x_wconf 87' lang='lat' dir='ltr'><strong>dubitabat,</strong></span> <span class='ocrx_word' id='word_1_208' title='bbox 283 2534 352 2610; x_wconf 91' lang='lat' dir='ltr'><strong>quin</strong></span> <span class='ocrx_word' id='word_1_209' title='bbox 365 2534 475 2592; x_wconf 88' lang='lat' dir='ltr'><strong>recenti</strong></span> <span class='ocrx_word' id='word_1_210' title='bbox 489 2533 652 2592; x_wconf 87' lang='lat' dir='ltr'><strong>calamitate</strong></span> <span class='ocrx_word' id='word_1_211' title='bbox 665 2533 862 2590; x_wconf 90' lang='lat' dir='ltr'><strong>submissiores</strong></span> <span class='ocrx_word' id='word_1_212' title='bbox 872 2543 968 2589; x_wconf 87' lang='lat' dir='ltr'><strong>essent</strong></span> <span class='ocrx_word' id='word_1_213' title='bbox 982 2535 1099 2604; x_wconf 57' lang='lat' dir='ltr'><strong>flaturam</strong></span> 
     </span>
     <span class='ocr_line' id='line_1_29' title="bbox 109 2610 1101 2690; baseline -0.001 -20"><span class='ocrx_word' id='word_1_214' title='bbox 109 2615 176 2672; x_wconf 88' lang='lat' dir='ltr'><strong>dato</strong></span> <span class='ocrx_word' id='word_1_215' title='bbox 190 2613 258 2671; x_wconf 84' lang='lat' dir='ltr'><strong>verd</strong></span> <span class='ocrx_word' id='word_1_216' title='bbox 268 2615 359 2690; x_wconf 89' lang='lat' dir='ltr'><strong>spatio</strong></span> <span class='ocrx_word' id='word_1_217' title='bbox 371 2633 405 2670; x_wconf 85' lang='lat' dir='ltr'><strong>ae</strong></span> <span class='ocrx_word' id='word_1_218' title='bbox 415 2621 552 2690; x_wconf 90' lang='lat' dir='ltr'><strong>tempore,</strong></span> <span class='ocrx_word' id='word_1_219' title='bbox 564 2613 665 2670; x_wconf 88' lang='lat' dir='ltr'><strong>eodem</strong></span> <span class='ocrx_word' id='word_1_220' title='bbox 676 2613 801 2669; x_wconf 88' lang='lat' dir='ltr'><strong>instante</strong></span> <span class='ocrx_word' id='word_1_221' title='bbox 813 2610 975 2678; x_wconf 89' lang='lat' dir='ltr'><strong>Dumnaco,</strong></span> <span class='ocrx_word' id='word_1_222' title='bbox 986 2623 1101 2686; x_wconf 88' lang='lat' dir='ltr'><strong>possent</strong></span> 
     </span>
     <span class='ocr_line' id='line_1_30' title="bbox 109 2688 1102 2764; baseline -0.004 -14"><span class='ocrx_word' id='word_1_223' title='bbox 109 2692 259 2750; x_wconf 89' lang='lat' dir='ltr'><strong>concitari.</strong></span> <span class='ocrx_word' id='word_1_224' title='bbox 299 2692 370 2754; x_wconf 69' lang='lat' dir='ltr'><strong>Qud</strong></span> <span class='ocrx_word' id='word_1_225' title='bbox 393 2692 422 2749; x_wconf 92' lang='lat' dir='ltr'><strong>in</strong></span> <span class='ocrx_word' id='word_1_226' title='bbox 444 2711 475 2749; x_wconf 89' lang='lat' dir='ltr'><strong>re</strong></span> <span class='ocrx_word' id='word_1_227' title='bbox 496 2709 608 2750; x_wconf 90' lang='lat' dir='ltr'><strong>summa</strong></span> <span class='ocrx_word' id='word_1_228' title='bbox 629 2690 750 2749; x_wconf 88' lang='lat' dir='ltr'><strong>felicitas</strong></span> <span class='ocrx_word' id='word_1_229' title='bbox 771 2689 957 2764; x_wconf 87' lang='lat' dir='ltr'><strong>celeritasque</strong></span> <span class='ocrx_word' id='word_1_230' title='bbox 979 2688 1008 2745; x_wconf 94' lang='lat' dir='ltr'><strong>in</strong></span> <span class='ocrx_word' id='word_1_231' title='bbox 1029 2690 1102 2746; x_wconf 89' lang='lat' dir='ltr'><strong>reci·</strong></span> 
     </span>
     <span class='ocr_line' id='line_1_31' title="bbox 108 2768 1147 2847; baseline -0.002 -19"><span class='ocrx_word' id='word_1_232' title='bbox 108 2771 222 2847; x_wconf 87' lang='lat' dir='ltr'><strong>piendis</strong></span> <span class='ocrx_word' id='word_1_233' title='bbox 243 2769 406 2828; x_wconf 88' lang='lat' dir='ltr'><strong>civitatibus</strong></span> <span class='ocrx_word' id='word_1_234' title='bbox 420 2770 543 2829; x_wconf 81' lang='lat' dir='ltr'><strong>Fabium</strong></span> <span class='ocrx_word' id='word_1_235' title='bbox 557 2771 748 2846; x_wconf 89' lang='lat' dir='ltr'><strong>consequitur.</strong></span> <span class='ocrx_word' id='word_1_236' title='bbox 790 2768 867 2827; x_wconf 86' lang='lat' dir='ltr'><strong>Nam</strong></span> <span class='ocrx_word' id='word_1_237' title='bbox 886 2768 1039 2836; x_wconf 89' lang='lat' dir='ltr'><strong>Carnutes,</strong></span> <span class='ocrx_word' id='word_1_238' title='bbox 1053 2769 1101 2843; x_wconf 90' lang='lat' dir='ltr'><strong>qui</strong></span> <span class='ocrx_word' id='word_1_239' title='bbox 1111 2773 1147 2826; x_wconf 80' lang='lat' dir='ltr'><strong>8ss</strong></span> 
     </span>
     <span class='ocr_line' id='line_1_32' title="bbox 110 2847 1102 2928; baseline -0.001 -22"><span class='ocrx_word' id='word_1_240' title='bbox 110 2850 186 2926; x_wconf 81' lang='lat' dir='ltr'><strong>saepd</strong></span> <span class='ocrx_word' id='word_1_241' title='bbox 201 2849 294 2907; x_wconf 87' lang='lat' dir='ltr'><strong>vexati</strong></span> <span class='ocrx_word' id='word_1_242' title='bbox 308 2869 455 2925; x_wconf 91' lang='lat' dir='ltr'><strong>nunquam</strong></span> <span class='ocrx_word' id='word_1_243' title='bbox 468 2851 548 2928; x_wconf 85' lang='lat' dir='ltr'><strong>pacis</strong></span> <span class='ocrx_word' id='word_1_244' title='bbox 563 2850 691 2908; x_wconf 88' lang='lat' dir='ltr'><strong>fecerant</strong></span> <span class='ocrx_word' id='word_1_245' title='bbox 705 2849 890 2916; x_wconf 88' lang='lat' dir='ltr'><strong>mentionem,</strong></span> <span class='ocrx_word' id='word_1_246' title='bbox 905 2848 980 2906; x_wconf 89' lang='lat' dir='ltr'><strong>datis</strong></span> <span class='ocrx_word' id='word_1_247' title='bbox 997 2847 1102 2905; x_wconf 92' lang='lat' dir='ltr'><strong>obsidi-</strong></span> 
     </span>
     <span class='ocr_line' id='line_1_33' title="bbox 109 2924 1100 3004; baseline -0.003 -19"><span class='ocrx_word' id='word_1_248' title='bbox 109 2928 173 2996; x_wconf 91' lang='lat' dir='ltr'><strong>bus,</strong></span> <span class='ocrx_word' id='word_1_249' title='bbox 189 2929 308 2986; x_wconf 86' lang='lat' dir='ltr'><strong>veniunt</strong></span> <span class='ocrx_word' id='word_1_250' title='bbox 331 2929 360 2986; x_wconf 91' lang='lat' dir='ltr'><strong>in</strong></span> <span class='ocrx_word' id='word_1_251' title='bbox 382 2929 575 2999; x_wconf 65' lang='lat' dir='ltr'><strong>deditionem</strong></span> <span class='ocrx_word' id='word_1_252' title='bbox 597 2941 764 3004; x_wconf 74' lang='lat' dir='ltr'><strong>caeteraeque</strong></span> <span class='ocrx_word' id='word_1_253' title='bbox 788 2927 928 2994; x_wconf 86' lang='lat' dir='ltr'><strong>civitates,</strong></span> <span class='ocrx_word' id='word_1_254' title='bbox 949 2926 1047 3002; x_wconf 79' lang='lat' dir='ltr'><strong>positae</strong></span> <span class='ocrx_word' id='word_1_255' title='bbox 1071 2924 1100 2983; x_wconf 91' lang='lat' dir='ltr'><strong>in</strong></span> 
     </span>
     <span class='ocr_line' id='line_1_34' title="bbox 110 3003 1102 3082; baseline -0.005 -17"><span class='ocrx_word' id='word_1_256' title='bbox 110 3008 218 3065; x_wconf 90' lang='lat' dir='ltr'><strong>ultimis</strong></span> <span class='ocrx_word' id='word_1_257' title='bbox 241 3007 343 3064; x_wconf 85' lang='lat' dir='ltr'><strong>Calliae</strong></span> <span class='ocrx_word' id='word_1_258' title='bbox 367 3007 482 3074; x_wconf 88' lang='lat' dir='ltr'><strong>finibus,</strong></span> <span class='ocrx_word' id='word_1_259' title='bbox 506 3007 627 3064; x_wconf 89' lang='lat' dir='ltr'><strong>Oceano</strong></span> <span class='ocrx_word' id='word_1_260' title='bbox 660 3009 832 3082; x_wconf 71' lang='lat' dir='ltr'><strong>conjuncte,</strong></span> <span class='ocrx_word' id='word_1_261' title='bbox 856 3024 919 3081; x_wconf 82' lang='lat' dir='ltr'><strong>quae</strong></span> <span class='ocrx_word' id='word_1_262' title='bbox 944 3003 1102 3061; x_wconf 82' lang='lat' dir='ltr'><strong>Armoricae</strong></span> 
     </span>
     <span class='ocr_line' id='line_1_35' title="bbox 111 3083 1102 3163; baseline -0.005 -19"><span class='ocrx_word' id='word_1_263' title='bbox 111 3086 299 3163; x_wconf 87' lang='lat' dir='ltr'><strong>appellantur,</strong></span> <span class='ocrx_word' id='word_1_264' title='bbox 325 3086 493 3144; x_wconf 87' lang='lat' dir='ltr'><strong>auctoritate</strong></span> <span class='ocrx_word' id='word_1_265' title='bbox 518 3087 649 3144; x_wconf 79' lang='lat' dir='ltr'><strong>adductae</strong></span> <span class='ocrx_word' id='word_1_266' title='bbox 674 3084 844 3152; x_wconf 89' lang='lat' dir='ltr'><strong>Carnutum,</strong></span> <span class='ocrx_word' id='word_1_267' title='bbox 871 3085 993 3142; x_wconf 88' lang='lat' dir='ltr'><strong>adventu</strong></span> <span class='ocrx_word' id='word_1_268' title='bbox 1017 3083 1102 3140; x_wconf 90' lang='lat' dir='ltr'><strong>Fabii</strong></span> 
     </span>
     <span class='ocr_line' id='line_1_36' title="bbox 110 3159 1149 3242; baseline -0.002 -20"><span class='ocrx_word' id='word_1_269' title='bbox 110 3165 313 3242; x_wconf 81' lang='lat' dir='ltr'><strong>legionumque</strong></span> <span class='ocrx_word' id='word_1_270' title='bbox 336 3165 475 3240; x_wconf 87' lang='lat' dir='ltr'><strong>imperata</strong></span> <span class='ocrx_word' id='word_1_271' title='bbox 496 3163 558 3223; x_wconf 91' lang='lat' dir='ltr'><strong>sine</strong></span> <span class='ocrx_word' id='word_1_272' title='bbox 578 3166 657 3223; x_wconf 73' lang='lat' dir='ltr'><strong>mord</strong></span> <span class='ocrx_word' id='word_1_273' title='bbox 680 3164 798 3222; x_wconf 88' lang='lat' dir='ltr'><strong>faciunt.</strong></span> <span class='ocrx_word' id='word_1_274' title='bbox 840 3163 1018 3229; x_wconf 90' lang='lat' dir='ltr'><strong>Dumnacus,</strong></span> <span class='ocrx_word' id='word_1_275' title='bbox 1031 3159 1149 3220; x_wconf 69' lang='lat' dir='ltr'><strong>susat</strong></span> 
     </span>
     <span class='ocr_line' id='line_1_37' title="bbox 109 3238 1103 3320; baseline -0.006 -18"><span class='ocrx_word' id='word_1_276' title='bbox 109 3244 217 3302; x_wconf 86' lang='lat' dir='ltr'><strong>finibus</strong></span> <span class='ocrx_word' id='word_1_277' title='bbox 243 3244 387 3319; x_wconf 85' lang='lat' dir='ltr'><strong>expulsus,</strong></span> <span class='ocrx_word' id='word_1_278' title='bbox 415 3263 514 3302; x_wconf 88' lang='lat' dir='ltr'><strong>errans</strong></span> <span class='ocrx_word' id='word_1_279' title='bbox 537 3244 707 3320; x_wconf 87' lang='lat' dir='ltr'><strong>latitansque</strong></span> <span class='ocrx_word' id='word_1_280' title='bbox 734 3244 810 3302; x_wconf 91' lang='lat' dir='ltr'><strong>solus</strong></span> <span class='ocrx_word' id='word_1_281' title='bbox 833 3254 975 3299; x_wconf 80' lang='lat' dir='ltr'><strong>extremas</strong></span> <span class='ocrx_word' id='word_1_282' title='bbox 1000 3238 1103 3296; x_wconf 66' lang='lat' dir='ltr'><strong>Gallina</strong></span> 
     </span>
     <span class='ocr_line' id='line_1_38' title="bbox 110 3323 551 3400; baseline -0.005 -20"><span class='ocrx_word' id='word_1_283' title='bbox 110 3323 244 3400; x_wconf 84' lang='lat' dir='ltr'><strong>regiones</strong></span> <span class='ocrx_word' id='word_1_284' title='bbox 257 3333 354 3399; x_wconf 88' lang='lat' dir='ltr'><strong>petere</strong></span> <span class='ocrx_word' id='word_1_285' title='bbox 368 3333 486 3380; x_wconf 90' lang='lat' dir='ltr'><strong>coactus</strong></span> <span class='ocrx_word' id='word_1_286' title='bbox 499 3333 551 3387; x_wconf 89' lang='lat' dir='ltr'><strong>est.</strong></span> 
     </span>
    </p>

    <p class='ocr_par' dir='ltr' id='par_1_9' title="bbox 109 3396 1149 3950">
     <span class='ocr_line' id='line_1_39' title="bbox 150 3396 1103 3476; baseline -0.004 -16"><span class='ocrx_word' id='word_1_287' title='bbox 150 3401 285 3460; x_wconf 90' lang='lat' dir='ltr'>XXXII.</span> <span class='ocrx_word' id='word_1_288' title='bbox 329 3403 369 3458; x_wconf 86' lang='lat' dir='ltr'><strong>At</strong></span> <span class='ocrx_word' id='word_1_289' title='bbox 389 3400 528 3476; x_wconf 87' lang='lat' dir='ltr'><strong>Drappes,</strong></span> <span class='ocrx_word' id='word_1_290' title='bbox 549 3400 664 3476; x_wconf 75' lang='lat' dir='ltr'><strong>unique</strong></span> <span class='ocrx_word' id='word_1_291' title='bbox 685 3400 846 3465; x_wconf 89' lang='lat' dir='ltr'><strong>Lucterius,</strong></span> <span class='ocrx_word' id='word_1_292' title='bbox 868 3415 955 3472; x_wconf 92' lang='lat' dir='ltr'><strong>quum</strong></span> <span class='ocrx_word' id='word_1_293' title='bbox 975 3396 1103 3472; x_wconf 89' lang='lat' dir='ltr'><strong>legiones</strong></span> 
     </span>
     <span class='ocr_line' id='line_1_40' title="bbox 110 3476 1102 3557; baseline -0.003 -19"><span class='ocrx_word' id='word_1_294' title='bbox 110 3480 325 3557; x_wconf 85' lang='lat' dir='ltr'><strong>Caniniumque</strong></span> <span class='ocrx_word' id='word_1_295' title='bbox 337 3481 436 3538; x_wconf 88' lang='lat' dir='ltr'><strong>adesse</strong></span> <span class='ocrx_word' id='word_1_296' title='bbox 448 3488 655 3556; x_wconf 89' lang='lat' dir='ltr'><strong>cognoscerent</strong></span> <span class='ocrx_word' id='word_1_297' title='bbox 666 3499 674 3548; x_wconf 82' lang='lat'>3</span> <span class='ocrx_word' id='word_1_298' title='bbox 696 3498 751 3537; x_wconf 94' lang='lat' dir='ltr'><strong>nec</strong></span> <span class='ocrx_word' id='word_1_299' title='bbox 763 3497 793 3534; x_wconf 86' lang='lat' dir='ltr'><strong>se</strong></span> <span class='ocrx_word' id='word_1_300' title='bbox 804 3477 866 3533; x_wconf 88' lang='lat' dir='ltr'><strong>siue</strong></span> <span class='ocrx_word' id='word_1_301' title='bbox 875 3477 954 3533; x_wconf 74' lang='lat' dir='ltr'><strong>certi</strong></span> <span class='ocrx_word' id='word_1_302' title='bbox 963 3476 1102 3552; x_wconf 57' lang='lat' dir='ltr'><strong>pernicie</strong></span> 
     </span>
     <span class='ocr_line' id='line_1_41' title="bbox 109 3555 1149 3637; baseline -0.001 -20"><span class='ocrx_word' id='word_1_303' title='bbox 109 3575 299 3637; x_wconf 87' lang='lat' dir='ltr'><strong>persequente</strong></span> <span class='ocrx_word' id='word_1_304' title='bbox 319 3559 457 3626; x_wconf 87' lang='lat' dir='ltr'><strong>exercitu,</strong></span> <span class='ocrx_word' id='word_1_305' title='bbox 472 3568 604 3634; x_wconf 87' lang='lat' dir='ltr'><strong>putarent</strong></span> <span class='ocrx_word' id='word_1_306' title='bbox 618 3557 776 3615; x_wconf 71' lang='lat' dir='ltr'><strong>Provincia</strong></span> <span class='ocrx_word' id='word_1_307' title='bbox 796 3555 868 3612; x_wconf 80' lang='lat' dir='ltr'><strong>fines</strong></span> <span class='ocrx_word' id='word_1_308' title='bbox 882 3555 987 3628; x_wconf 73' lang='lat' dir='ltr'><strong>intrare</strong></span> <span class='ocrx_word' id='word_1_309' title='bbox 1000 3577 1083 3634; x_wconf 84' lang='lat' dir='ltr'><strong>posse</strong></span> <span class='ocrx_word' id='word_1_310' title='bbox 1095 3578 1102 3628; x_wconf 92' lang='grc'><strong>;</strong></span> <span class='ocrx_word' id='word_1_311' title='bbox 1113 3563 1149 3622; x_wconf 78' lang='lat' dir='ltr'><strong>ta</strong></span> 
     </span>
     <span class='ocr_line' id='line_1_42' title="bbox 110 3633 1104 3713; baseline -0.003 -17"><span class='ocrx_word' id='word_1_312' title='bbox 110 3657 166 3697; x_wconf 93' lang='lat' dir='ltr'><strong>nec</strong></span> <span class='ocrx_word' id='word_1_313' title='bbox 178 3639 239 3713; x_wconf 81' lang='lat' dir='ltr'><strong>jam</strong></span> <span class='ocrx_word' id='word_1_314' title='bbox 251 3639 371 3696; x_wconf 88' lang='lat' dir='ltr'><strong>liberam</strong></span> <span class='ocrx_word' id='word_1_315' title='bbox 385 3638 509 3713; x_wconf 82' lang='lat' dir='ltr'><strong>vagandi</strong></span> <span class='ocrx_word' id='word_1_316' title='bbox 523 3637 792 3710; x_wconf 88' lang='lat' dir='ltr'><strong>latrociniorumque</strong></span> <span class='ocrx_word' id='word_1_317' title='bbox 806 3633 1002 3694; x_wconf 86' lang='lat' dir='ltr'><strong>faciendorum</strong></span> <span class='ocrx_word' id='word_1_318' title='bbox 1016 3636 1104 3695; x_wconf 86' lang='lat' dir='ltr'><strong>facul·</strong></span> 
     </span>
     <span class='ocr_line' id='line_1_43' title="bbox 109 3713 1103 3792; baseline -0.005 -16"><span class='ocrx_word' id='word_1_319' title='bbox 109 3728 200 3784; x_wconf 86' lang='lat' dir='ltr'><strong>tatem</strong></span> <span class='ocrx_word' id='word_1_320' title='bbox 214 3717 370 3788; x_wconf 86' lang='lat' dir='ltr'><strong>haberent;</strong></span> <span class='ocrx_word' id='word_1_321' title='bbox 392 3716 551 3775; x_wconf 86' lang='lat' dir='ltr'><strong>consistunt</strong></span> <span class='ocrx_word' id='word_1_322' title='bbox 565 3717 595 3774; x_wconf 93' lang='lat' dir='ltr'><strong>in</strong></span> <span class='ocrx_word' id='word_1_323' title='bbox 608 3715 683 3792; x_wconf 86' lang='lat' dir='ltr'><strong>agris</strong></span> <span class='ocrx_word' id='word_1_324' title='bbox 696 3714 902 3772; x_wconf 87' lang='lat' dir='ltr'><strong>Cadurcorum.</strong></span> <span class='ocrx_word' id='word_1_325' title='bbox 944 3713 1000 3782; x_wconf 91' lang='lat' dir='ltr'><strong>lbi,</strong></span> <span class='ocrx_word' id='word_1_326' title='bbox 1016 3731 1103 3790; x_wconf 90' lang='lat' dir='ltr'><strong>quum</strong></span> 
     </span>
     <span class='ocr_line' id='line_1_44' title="bbox 110 3791 1102 3870; baseline -0.004 -17"><span class='ocrx_word' id='word_1_327' title='bbox 110 3792 266 3853; x_wconf 87' lang='lat' dir='ltr'><strong>Lucterius</strong></span> <span class='ocrx_word' id='word_1_328' title='bbox 280 3797 355 3870; x_wconf 88' lang='lat' dir='ltr'><strong>apud</strong></span> <span class='ocrx_word' id='word_1_329' title='bbox 378 3815 444 3854; x_wconf 89' lang='lat' dir='ltr'><strong>suos</strong></span> <span class='ocrx_word' id='word_1_330' title='bbox 458 3795 545 3862; x_wconf 76' lang='lat' dir='ltr'><strong>cives,</strong></span> <span class='ocrx_word' id='word_1_331' title='bbox 559 3795 702 3870; x_wconf 88' lang='lat' dir='ltr'><strong>quondam</strong></span> <span class='ocrx_word' id='word_1_332' title='bbox 727 3792 845 3870; x_wconf 85' lang='lat' dir='ltr'><strong>integris</strong></span> <span class='ocrx_word' id='word_1_333' title='bbox 865 3795 960 3862; x_wconf 90' lang='lat' dir='ltr'><strong>rebus,</strong></span> <span class='ocrx_word' id='word_1_334' title='bbox 981 3791 1102 3849; x_wconf 82' lang='lat' dir='ltr'><strong>multdm</strong></span> 
     </span>
     <span class='ocr_line' id='line_1_45' title="bbox 109 3869 1103 3950; baseline 0.001 -23"><span class='ocrx_word' id='word_1_335' title='bbox 109 3869 260 3950; x_wconf 86' lang='lat' dir='ltr'><strong>potuisset,</strong></span> <span class='ocrx_word' id='word_1_336' title='bbox 281 3891 448 3950; x_wconf 91' lang='lat' dir='ltr'><strong>semperque</strong></span> <span class='ocrx_word' id='word_1_337' title='bbox 473 3885 571 3934; x_wconf 86' lang='lat' dir='ltr'><strong>auctor</strong></span> <span class='ocrx_word' id='word_1_338' title='bbox 592 3891 730 3932; x_wconf 83' lang='lat' dir='ltr'><strong>novorum</strong></span> <span class='ocrx_word' id='word_1_339' title='bbox 756 3873 939 3933; x_wconf 90' lang='lat' dir='ltr'><strong>consiliorum</strong></span> <span class='ocrx_word' id='word_1_340' title='bbox 966 3887 1103 3944; x_wconf 84' lang='lat' dir='ltr'><strong>maguam</strong></span> 
     </span>
    </p>
   </div>
   <div class='ocr_carea' id='block_1_7' title="bbox 696 4139 707 4168">
    <p class='ocr_par' dir='ltr' id='par_1_10' title="bbox 696 4139 707 4168">
     <span class='ocr_line' id='line_1_46' title="bbox 696 4139 707 4168; baseline 0 0"><span class='ocrx_word' id='word_1_341' title='bbox 696 4139 707 4168; x_wconf 67' lang='grc' dir='ltr'>ὁ</span> 
     </span>
    </p>
   </div>
   <div class='ocr_carea' id='block_1_8' title="bbox 0 0 1291 4412">
    <p class='ocr_par' dir='ltr' id='par_1_11' title="bbox 0 0 1291 4412">
     <span class='ocr_line' id='line_1_47' title="bbox 0 0 1291 4412; baseline 0 0"><span class='ocrx_word' id='word_1_342' title='bbox 0 0 1291 4412; x_wconf 95' lang='lat' dir='ltr'><strong> </strong></span> 
     </span>
    </p>
   </div>
  </div>
 </body>
</html>
