<?xml version="1.0" encoding="UTF-8"?>
<!DOCTYPE html PUBLIC "-//W3C//DTD XHTML 1.0 Transitional//EN"
    "http://www.w3.org/TR/xhtml1/DTD/xhtml1-transitional.dtd">
<html xmlns="http://www.w3.org/1999/xhtml" xml:lang="en" lang="en">
 <head>
  <title>
</title>
<meta http-equiv="Content-Type" content="text/html;charset=utf-8" />
  <meta name='ocr-system' content='tesseract 3.04.00' />
  <meta name='ocr-capabilities' content='ocr_page ocr_carea ocr_par ocr_line ocrx_word'/>
</head>
<body>
  <div class='ocr_page' id='page_1' title='image "./commentariidebe00levegoog_0075.png"; bbox 0 0 2564 4422; ppageno 0'>
   <div class='ocr_carea' id='block_1_1' title="bbox 171 325 984 426">
    <p class='ocr_par' dir='ltr' id='par_1_1' title="bbox 171 325 984 426">
     <span class='ocr_line' id='line_1_1' title="bbox 171 325 984 426; baseline 0.001 -10"><span class='ocrx_word' id='word_1_1' title='bbox 171 360 213 426; x_wconf 72' lang='lat' dir='ltr'>eu</span> <span class='ocrx_word' id='word_1_2' title='bbox 395 369 399 383; x_wconf 75' lang='lat'><strong>·</strong></span> <span class='ocrx_word' id='word_1_3' title='bbox 531 365 581 418; x_wconf 83' lang='lat' dir='ltr'>os</span> <span class='ocrx_word' id='word_1_4' title='bbox 597 361 711 418; x_wconf 78' lang='lat' dir='ltr'>saraa</span> <span class='ocrx_word' id='word_1_5' title='bbox 727 361 885 417; x_wconf 71' lang='lat' dir='ltr'>araneo</span> <span class='ocrx_word' id='word_1_6' title='bbox 979 325 984 337; x_wconf 83' lang='grc'><strong>’</strong></span> 
     </span>
    </p>
   </div>
   <div class='ocr_carea' id='block_1_2' title="bbox 115 499 1282 3958">
    <p class='ocr_par' dir='ltr' id='par_1_2' title="bbox 115 499 1282 3627">
     <span class='ocr_line' id='line_1_2' title="bbox 220 499 1201 585; baseline 0.005 -25"><span class='ocrx_word' id='word_1_7' title='bbox 220 499 339 580; x_wconf 81' lang='lat' dir='ltr'>inperii,</span> <span class='ocrx_word' id='word_1_8' title='bbox 370 507 473 585; x_wconf 80' lang='lat' dir='ltr'>magni</span> <span class='ocrx_word' id='word_1_9' title='bbox 506 509 602 576; x_wconf 84' lang='lat' dir='ltr'>animi,</span> <span class='ocrx_word' id='word_1_10' title='bbox 635 523 745 582; x_wconf 80' lang='lat' dir='ltr'>magne</span> <span class='ocrx_word' id='word_1_11' title='bbox 778 506 853 565; x_wconf 88' lang='lat' dir='ltr'>inter</span> <span class='ocrx_word' id='word_1_12' title='bbox 884 505 980 566; x_wconf 77' lang='lat' dir='ltr'><strong>Gallos</strong></span> <span class='ocrx_word' id='word_1_13' title='bbox 1013 506 1201 575; x_wconf 76' lang='lat' dir='ltr'>auctoritatis,</span> 
     </span>
     <span class='ocr_line' id='line_1_3' title="bbox 219 584 1202 662; baseline 0.004 -24"><span class='ocrx_word' id='word_1_14' title='bbox 219 595 401 658; x_wconf 76' lang='lat' dir='ltr'>cognoverat.</span> <span class='ocrx_word' id='word_1_15' title='bbox 421 624 424 633; x_wconf 83' lang='lat'>·</span> <span class='ocrx_word' id='word_1_16' title='bbox 444 588 611 646; x_wconf 86' lang='lat' dir='ltr'>Accedebat</span> <span class='ocrx_word' id='word_1_17' title='bbox 621 587 686 652; x_wconf 94' lang='lat' dir='ltr'>huc,</span> <span class='ocrx_word' id='word_1_18' title='bbox 701 585 776 660; x_wconf 92' lang='lat' dir='ltr'>quod</span> <span class='ocrx_word' id='word_1_19' title='bbox 787 585 848 662; x_wconf 89' lang='lat' dir='ltr'>jam</span> <span class='ocrx_word' id='word_1_20' title='bbox 861 584 892 643; x_wconf 91' lang='lat' dir='ltr'>in</span> <span class='ocrx_word' id='word_1_21' title='bbox 905 584 1025 644; x_wconf 86' lang='lat' dir='ltr'>concilio</span> <span class='ocrx_word' id='word_1_22' title='bbox 1039 585 1202 662; x_wconf 82' lang='lat' dir='ltr'>AEduorum</span> 
     </span>
     <span class='ocr_line' id='line_1_4' title="bbox 218 658 1202 741; baseline 0.004 -23"><span class='ocrx_word' id='word_1_23' title='bbox 218 658 382 721; x_wconf 73' lang='lat' dir='ltr'>mimnorix</span> <span class='ocrx_word' id='word_1_24' title='bbox 395 665 515 732; x_wconf 83' lang='lat' dir='ltr'>dixerat,</span> <span class='ocrx_word' id='word_1_25' title='bbox 537 663 615 721; x_wconf 84' lang='lat' dir='ltr'>‘Sibi</span> <span class='ocrx_word' id='word_1_26' title='bbox 627 682 646 720; x_wconf 91' lang='lat' dir='ltr'>a</span> <span class='ocrx_word' id='word_1_27' title='bbox 659 663 773 722; x_wconf 83' lang='lat' dir='ltr'>Ooesare</span> <span class='ocrx_word' id='word_1_28' title='bbox 793 681 914 741; x_wconf 89' lang='lat' dir='ltr'>regnum</span> <span class='ocrx_word' id='word_1_29' title='bbox 927 664 1048 722; x_wconf 82' lang='lat' dir='ltr'>civitatis</span> <span class='ocrx_word' id='word_1_30' title='bbox 1068 665 1178 722; x_wconf 88' lang='lat' dir='ltr'>deferri</span> <span class='ocrx_word' id='word_1_31' title='bbox 1190 665 1202 721; x_wconf 77' lang='grc' dir='ltr'>ι’</span> 
     </span>
     <span class='ocr_line' id='line_1_5' title="bbox 218 739 1205 817; baseline 0.003 -21"><span class='ocrx_word' id='word_1_32' title='bbox 218 739 294 813; x_wconf 89' lang='lat' dir='ltr'>quod</span> <span class='ocrx_word' id='word_1_33' title='bbox 318 741 429 802; x_wconf 84' lang='lat' dir='ltr'>dicmm</span> <span class='ocrx_word' id='word_1_34' title='bbox 450 742 537 802; x_wconf 84' lang='lat' dir='ltr'>AEdui</span> <span class='ocrx_word' id='word_1_35' title='bbox 556 740 677 816; x_wconf 81' lang='lat' dir='ltr'>graviter</span> <span class='ocrx_word' id='word_1_36' title='bbox 701 742 840 815; x_wconf 82' lang='lat' dir='ltr'>serebant,</span> <span class='ocrx_word' id='word_1_37' title='bbox 868 753 960 817; x_wconf 87' lang='lat' dir='ltr'>neque</span> <span class='ocrx_word' id='word_1_38' title='bbox 980 743 1136 800; x_wconf 82' lang='lat' dir='ltr'>recusandi</span> <span class='ocrx_word' id='word_1_39' title='bbox 1157 753 1205 799; x_wconf 90' lang='lat' dir='ltr'>aut</span> 
     </span>
     <span class='ocr_line' id='line_1_6' title="bbox 194 817 1205 896; baseline 0.002 -20"><span class='ocrx_word' id='word_1_40' title='bbox 194 817 397 896; x_wconf 78' lang='lat' dir='ltr'>edeprecandi</span> <span class='ocrx_word' id='word_1_41' title='bbox 410 821 496 878; x_wconf 75' lang='lat' dir='ltr'>cousi</span> <span class='ocrx_word' id='word_1_42' title='bbox 512 819 619 894; x_wconf 82' lang='lat' dir='ltr'>legatos</span> <span class='ocrx_word' id='word_1_43' title='bbox 634 819 670 875; x_wconf 90' lang='lat' dir='ltr'>ad</span> <span class='ocrx_word' id='word_1_44' title='bbox 684 818 828 876; x_wconf 66' lang='lat' dir='ltr'>Caesarem</span> <span class='ocrx_word' id='word_1_45' title='bbox 848 820 960 878; x_wconf 88' lang='lat' dir='ltr'>mittere</span> <span class='ocrx_word' id='word_1_46' title='bbox 974 821 1127 878; x_wconf 79' lang='lat' dir='ltr'>audebant</span> <span class='ocrx_word' id='word_1_47' title='bbox 1171 821 1205 878; x_wconf 94' lang='lat' dir='ltr'>ld</span> 
     </span>
     <span class='ocr_line' id='line_1_7' title="bbox 220 896 1205 974; baseline 0.001 -19"><span class='ocrx_word' id='word_1_48' title='bbox 220 897 329 957; x_wconf 79' lang='lat' dir='ltr'>facturn</span> <span class='ocrx_word' id='word_1_49' title='bbox 350 918 387 956; x_wconf 86' lang='lat' dir='ltr'>ex</span> <span class='ocrx_word' id='word_1_50' title='bbox 405 899 463 955; x_wconf 90' lang='lat' dir='ltr'>suis</span> <span class='ocrx_word' id='word_1_51' title='bbox 480 896 640 972; x_wconf 83' lang='lat' dir='ltr'>hospitibus</span> <span class='ocrx_word' id='word_1_52' title='bbox 658 898 756 955; x_wconf 77' lang='lat' dir='ltr'>Cesar</span> <span class='ocrx_word' id='word_1_53' title='bbox 776 908 956 974; x_wconf 81' lang='lat' dir='ltr'>cognoverat.</span> <span class='ocrx_word' id='word_1_54' title='bbox 996 897 1050 955; x_wconf 90' lang='lat' dir='ltr'>Ille</span> <span class='ocrx_word' id='word_1_55' title='bbox 1071 898 1205 956; x_wconf 89' lang='lat' dir='ltr'>omnibus</span> 
     </span>
     <span class='ocr_line' id='line_1_8' title="bbox 220 975 1206 1052; baseline 0.001 -19"><span class='ocrx_word' id='word_1_56' title='bbox 220 976 313 1052; x_wconf 81' lang='lat' dir='ltr'>primd</span> <span class='ocrx_word' id='word_1_57' title='bbox 332 976 463 1052; x_wconf 81' lang='lat' dir='ltr'>precibus</span> <span class='ocrx_word' id='word_1_58' title='bbox 478 984 575 1050; x_wconf 89' lang='lat' dir='ltr'>petere</span> <span class='ocrx_word' id='word_1_59' title='bbox 596 976 753 1044; x_wconf 80' lang='lat' dir='ltr'>contendit,</span> <span class='ocrx_word' id='word_1_60' title='bbox 767 987 799 1050; x_wconf 73' lang='lat' dir='ltr'>ut</span> <span class='ocrx_word' id='word_1_61' title='bbox 820 975 850 1034; x_wconf 89' lang='lat' dir='ltr'>in</span> <span class='ocrx_word' id='word_1_62' title='bbox 863 976 958 1034; x_wconf 80' lang='lat' dir='ltr'>Galia</span> <span class='ocrx_word' id='word_1_63' title='bbox 978 976 1206 1052; x_wconf 72' lang='lat' dir='ltr'>relinqueretur;</span> 
     </span>
     <span class='ocr_line' id='line_1_9' title="bbox 220 1051 1217 1130; baseline 0 -18"><span class='ocrx_word' id='word_1_64' title='bbox 220 1055 331 1128; x_wconf 86' lang='lat' dir='ltr'>partim,</span> <span class='ocrx_word' id='word_1_65' title='bbox 352 1051 427 1126; x_wconf 83' lang='lat' dir='ltr'>qudd</span> <span class='ocrx_word' id='word_1_66' title='bbox 442 1052 570 1110; x_wconf 89' lang='lat' dir='ltr'>insuetus</span> <span class='ocrx_word' id='word_1_67' title='bbox 584 1053 740 1130; x_wconf 83' lang='lat' dir='ltr'>navigandi</span> <span class='ocrx_word' id='word_1_68' title='bbox 754 1073 832 1112; x_wconf 86' lang='lat' dir='ltr'>mare</span> <span class='ocrx_word' id='word_1_69' title='bbox 846 1054 978 1123; x_wconf 79' lang='lat' dir='ltr'>timeret3</span> <span class='ocrx_word' id='word_1_70' title='bbox 998 1055 1112 1130; x_wconf 89' lang='lat' dir='ltr'>partim,</span> <span class='ocrx_word' id='word_1_71' title='bbox 1127 1054 1217 1130; x_wconf 74' lang='lat' dir='ltr'>quaid¹</span> 
     </span>
     <span class='ocr_line' id='line_1_10' title="bbox 137 1129 1273 1208; baseline 0.006 -23"><span class='ocrx_word' id='word_1_72' title='bbox 137 1197 149 1208; x_wconf 25' lang='grc' dir='ltr'>ἱ</span> <span class='ocrx_word' id='word_1_73' title='bbox 218 1129 403 1204; x_wconf 81' lang='lat' dir='ltr'>religionibus</span> <span class='ocrx_word' id='word_1_74' title='bbox 423 1149 486 1188; x_wconf 89' lang='lat' dir='ltr'>sese</span> <span class='ocrx_word' id='word_1_75' title='bbox 500 1131 608 1190; x_wconf 91' lang='lat' dir='ltr'>diceret</span> <span class='ocrx_word' id='word_1_76' title='bbox 628 1132 768 1208; x_wconf 89' lang='lat' dir='ltr'>impediri.</span> <span class='ocrx_word' id='word_1_77' title='bbox 809 1131 997 1208; x_wconf 76' lang='lat' dir='ltr'>Posteaquam</span> <span class='ocrx_word' id='word_1_78' title='bbox 1018 1131 1047 1190; x_wconf 92' lang='lat' dir='ltr'>id</span> <span class='ocrx_word' id='word_1_79' title='bbox 1061 1132 1204 1200; x_wconf 75' lang='lat' dir='ltr'>obstinate</span> <span class='ocrx_word' id='word_1_80' title='bbox 1272 1198 1273 1201; x_wconf 8' lang='grc' dir='ltr'><strong>Ἴ</strong></span> 
     </span>
     <span class='ocr_line' id='line_1_11' title="bbox 177 1207 1204 1288; baseline 0 -20"><span class='ocrx_word' id='word_1_81' title='bbox 177 1207 273 1268; x_wconf 85' lang='lat' dir='ltr'>losibi</span> <span class='ocrx_word' id='word_1_82' title='bbox 299 1209 399 1286; x_wconf 87' lang='lat' dir='ltr'>negari</span> <span class='ocrx_word' id='word_1_83' title='bbox 425 1210 504 1277; x_wconf 85' lang='lat' dir='ltr'>vidit,</span> <span class='ocrx_word' id='word_1_84' title='bbox 530 1210 611 1268; x_wconf 91' lang='lat' dir='ltr'>omni</span> <span class='ocrx_word' id='word_1_85' title='bbox 631 1230 681 1287; x_wconf 88' lang='lat' dir='ltr'>spe</span> <span class='ocrx_word' id='word_1_86' title='bbox 703 1211 873 1288; x_wconf 88' lang='lat' dir='ltr'>impetrandi</span> <span class='ocrx_word' id='word_1_87' title='bbox 895 1209 1036 1286; x_wconf 75' lang='lat' dir='ltr'>adempti,</span> <span class='ocrx_word' id='word_1_88' title='bbox 1060 1211 1204 1288; x_wconf 86' lang='lat' dir='ltr'>principes</span> 
     </span>
     <span class='ocr_line' id='line_1_12' title="bbox 219 1286 1268 1366; baseline 0.003 -21"><span class='ocrx_word' id='word_1_89' title='bbox 219 1286 321 1346; x_wconf 76' lang='lat' dir='ltr'>Gallie</span> <span class='ocrx_word' id='word_1_90' title='bbox 337 1288 497 1356; x_wconf 89' lang='lat' dir='ltr'>sollicitere,</span> <span class='ocrx_word' id='word_1_91' title='bbox 518 1307 652 1347; x_wconf 80' lang='lat' dir='ltr'>sevocare</span> <span class='ocrx_word' id='word_1_92' title='bbox 672 1289 808 1366; x_wconf 83' lang='lat' dir='ltr'>singulos,</span> <span class='ocrx_word' id='word_1_93' title='bbox 823 1290 984 1365; x_wconf 80' lang='lat' dir='ltr'>hortarique</span> <span class='ocrx_word' id='word_1_94' title='bbox 998 1289 1094 1366; x_wconf 87' lang='lat' dir='ltr'>coepit,</span> <span class='ocrx_word' id='word_1_95' title='bbox 1109 1288 1152 1347; x_wconf 86' lang='lat' dir='ltr'>uti</span> <span class='ocrx_word' id='word_1_96' title='bbox 1174 1291 1203 1348; x_wconf 93' lang='lat' dir='ltr'>in</span> <span class='ocrx_word' id='word_1_97' title='bbox 1263 1307 1268 1321; x_wconf 76' lang='lat'><strong>¹</strong></span> 
     </span>
     <span class='ocr_line' id='line_1_13' title="bbox 220 1367 1203 1438; baseline 0.002 -14"><span class='ocrx_word' id='word_1_98' title='bbox 220 1368 380 1425; x_wconf 88' lang='lat' dir='ltr'>continenti</span> <span class='ocrx_word' id='word_1_99' title='bbox 393 1378 587 1438; x_wconf 83' lang='lat' dir='ltr'>remanerent3</span> <span class='ocrx_word' id='word_1_100' title='bbox 608 1379 687 1427; x_wconf 88' lang='lat' dir='ltr'>metu</span> <span class='ocrx_word' id='word_1_101' title='bbox 696 1367 835 1436; x_wconf 87' lang='lat' dir='ltr'>territare,</span> <span class='ocrx_word' id='word_1_102' title='bbox 851 1367 939 1426; x_wconf 83' lang='lat' dir='ltr'>‘Non</span> <span class='ocrx_word' id='word_1_103' title='bbox 953 1368 1014 1424; x_wconf 90' lang='lat' dir='ltr'>sine</span> <span class='ocrx_word' id='word_1_104' title='bbox 1028 1368 1117 1425; x_wconf 74' lang='lat' dir='ltr'>causi</span> <span class='ocrx_word' id='word_1_105' title='bbox 1130 1368 1203 1438; x_wconf 89' lang='lat' dir='ltr'>lieri,</span> 
     </span>
     <span class='ocr_line' id='line_1_14' title="bbox 219 1445 1204 1524; baseline 0.005 -25"><span class='ocrx_word' id='word_1_106' title='bbox 219 1455 251 1500; x_wconf 92' lang='lat' dir='ltr'>ut</span> <span class='ocrx_word' id='word_1_107' title='bbox 264 1445 358 1502; x_wconf 82' lang='lat' dir='ltr'>Gallia</span> <span class='ocrx_word' id='word_1_108' title='bbox 370 1446 448 1502; x_wconf 92' lang='lat' dir='ltr'>omni</span> <span class='ocrx_word' id='word_1_109' title='bbox 461 1445 610 1504; x_wconf 87' lang='lat' dir='ltr'>nobilitate</span> <span class='ocrx_word' id='word_1_110' title='bbox 624 1446 806 1524; x_wconf 88' lang='lat' dir='ltr'>spoliaretur:</span> <span class='ocrx_word' id='word_1_111' title='bbox 827 1446 856 1502; x_wconf 92' lang='lat' dir='ltr'>id</span> <span class='ocrx_word' id='word_1_112' title='bbox 865 1463 927 1503; x_wconf 89' lang='lat' dir='ltr'>esse</span> <span class='ocrx_word' id='word_1_113' title='bbox 941 1446 1093 1504; x_wconf 86' lang='lat' dir='ltr'>consilium</span> <span class='ocrx_word' id='word_1_114' title='bbox 1106 1446 1204 1504; x_wconf 80' lang='lat' dir='ltr'>Caesa·</span> 
     </span>
     <span class='ocr_line' id='line_1_15' title="bbox 217 1519 1204 1600; baseline 0.008 -24"><span class='ocrx_word' id='word_1_115' title='bbox 217 1519 265 1588; x_wconf 90' lang='lat' dir='ltr'>ris,</span> <span class='ocrx_word' id='word_1_116' title='bbox 287 1531 327 1590; x_wconf 88' lang='lat' dir='ltr'>ut,</span> <span class='ocrx_word' id='word_1_117' title='bbox 348 1541 419 1597; x_wconf 89' lang='lat' dir='ltr'>quos</span> <span class='ocrx_word' id='word_1_118' title='bbox 438 1523 470 1581; x_wconf 94' lang='lat' dir='ltr'>in</span> <span class='ocrx_word' id='word_1_119' title='bbox 490 1527 647 1600; x_wconf 88' lang='lat' dir='ltr'>conspectu</span> <span class='ocrx_word' id='word_1_120' title='bbox 669 1525 771 1584; x_wconf 83' lang='lat' dir='ltr'>Galliae</span> <span class='ocrx_word' id='word_1_121' title='bbox 794 1524 954 1584; x_wconf 87' lang='lat' dir='ltr'>interficere</span> <span class='ocrx_word' id='word_1_122' title='bbox 975 1534 1128 1594; x_wconf 85' lang='lat' dir='ltr'>vereretur,</span> <span class='ocrx_word' id='word_1_123' title='bbox 1152 1526 1204 1584; x_wconf 88' lang='lat' dir='ltr'>hos</span> 
     </span>
     <span class='ocr_line' id='line_1_16' title="bbox 177 1600 1204 1680; baseline 0.003 -22"><span class='ocrx_word' id='word_1_124' title='bbox 177 1605 316 1660; x_wconf 85' lang='lat' dir='ltr'>l5omnes</span> <span class='ocrx_word' id='word_1_125' title='bbox 342 1600 373 1657; x_wconf 90' lang='lat' dir='ltr'>in</span> <span class='ocrx_word' id='word_1_126' title='bbox 394 1602 574 1662; x_wconf 81' lang='lat' dir='ltr'>Britanniam</span> <span class='ocrx_word' id='word_1_127' title='bbox 600 1605 780 1662; x_wconf 88' lang='lat' dir='ltr'>transductos</span> <span class='ocrx_word' id='word_1_128' title='bbox 805 1614 922 1661; x_wconf 87' lang='lat' dir='ltr'>necaret</span> <span class='ocrx_word' id='word_1_129' title='bbox 931 1603 949 1660; x_wconf 69' lang='grc' dir='ltr'>τ’</span> <span class='ocrx_word' id='word_1_130' title='bbox 976 1603 1062 1660; x_wconf 87' lang='lat' dir='ltr'>fidem</span> <span class='ocrx_word' id='word_1_131' title='bbox 1088 1603 1204 1680; x_wconf 91' lang='lat' dir='ltr'>reliquis</span> 
     </span>
     <span class='ocr_line' id='line_1_17' title="bbox 218 1676 1204 1760; baseline 0.005 -25"><span class='ocrx_word' id='word_1_132' title='bbox 218 1676 416 1756; x_wconf 73' lang='lat' dir='ltr'>interponere,</span> <span class='ocrx_word' id='word_1_133' title='bbox 420 1681 620 1758; x_wconf 86' lang='lat' dir='ltr'>jusjurandum</span> <span class='ocrx_word' id='word_1_134' title='bbox 632 1703 760 1760; x_wconf 90' lang='lat' dir='ltr'>poscere,</span> <span class='ocrx_word' id='word_1_135' title='bbox 775 1683 905 1758; x_wconf 59' lang='lat' dir='ltr'>utiquo}</span> <span class='ocrx_word' id='word_1_136' title='bbox 915 1701 978 1740; x_wconf 87' lang='lat' dir='ltr'>esse</span> <span class='ocrx_word' id='word_1_137' title='bbox 988 1700 1087 1739; x_wconf 84' lang='lat' dir='ltr'>exusu</span> <span class='ocrx_word' id='word_1_138' title='bbox 1101 1681 1204 1741; x_wconf 76' lang='lat' dir='ltr'>Gallie</span> 
     </span>
     <span class='ocr_line' id='line_1_18' title="bbox 220 1755 1206 1843; baseline 0.005 -30"><span class='ocrx_word' id='word_1_139' title='bbox 220 1755 434 1828; x_wconf 86' lang='lat' dir='ltr'>intellexissent,</span> <span class='ocrx_word' id='word_1_140' title='bbox 462 1762 608 1820; x_wconf 90' lang='lat' dir='ltr'>communi</span> <span class='ocrx_word' id='word_1_141' title='bbox 638 1762 757 1821; x_wconf 76' lang='lat' dir='ltr'>oonsilio</span> <span class='ocrx_word' id='word_1_142' title='bbox 792 1761 1029 1823; x_wconf 78' lang='lat' dir='ltr'>administrarent</span> <span class='ocrx_word' id='word_1_143' title='bbox 1057 1759 1156 1843; x_wconf 40' lang='lat' dir='ltr'>&#39;Haec</span> <span class='ocrx_word' id='word_1_144' title='bbox 1189 1781 1206 1818; x_wconf 89' lang='lat' dir='ltr'>a</span> 
     </span>
     <span class='ocr_line' id='line_1_19' title="bbox 220 1837 1080 1914; baseline 0.003 -18"><span class='ocrx_word' id='word_1_145' title='bbox 220 1839 412 1914; x_wconf 82' lang='lat' dir='ltr'>compluribus</span> <span class='ocrx_word' id='word_1_146' title='bbox 426 1839 461 1897; x_wconf 86' lang='lat' dir='ltr'>ad</span> <span class='ocrx_word' id='word_1_147' title='bbox 474 1841 619 1898; x_wconf 87' lang='lat' dir='ltr'>Caesarem</span> <span class='ocrx_word' id='word_1_148' title='bbox 633 1842 842 1900; x_wconf 83' lang='lat' dir='ltr'>deserebantur.</span> <span class='ocrx_word' id='word_1_149' title='bbox 910 1841 929 1876; x_wconf 70' lang='lat' dir='ltr'>r·</span> <span class='ocrx_word' id='word_1_150' title='bbox 1025 1837 1043 1854; x_wconf 83' lang='grc'>”</span> <span class='ocrx_word' id='word_1_151' title='bbox 1071 1843 1080 1867; x_wconf 50' lang='lat' dir='ltr'>l</span> 
     </span>
     <span class='ocr_line' id='line_1_20' title="bbox 238 1917 1282 1996; baseline 0.003 -22"><span class='ocrx_word' id='word_1_152' title='bbox 238 1917 328 1974; x_wconf 56' lang='lat' dir='ltr'>2vt1.</span> <span class='ocrx_word' id='word_1_153' title='bbox 368 1918 480 1979; x_wconf 79' lang='lat' dir='ltr'>Quare</span> <span class='ocrx_word' id='word_1_154' title='bbox 494 1919 619 1996; x_wconf 69' lang='lat' dir='ltr'>cogniti,</span> <span class='ocrx_word' id='word_1_155' title='bbox 635 1920 742 1988; x_wconf 81' lang='lat' dir='ltr'>Caesar,</span> <span class='ocrx_word' id='word_1_156' title='bbox 756 1917 833 1995; x_wconf 83' lang='lat' dir='ltr'>qudd</span> <span class='ocrx_word' id='word_1_157' title='bbox 853 1929 965 1977; x_wconf 89' lang='lat' dir='ltr'>tantum</span> <span class='ocrx_word' id='word_1_158' title='bbox 979 1917 1086 1976; x_wconf 87' lang='lat' dir='ltr'>civitati</span> <span class='ocrx_word' id='word_1_159' title='bbox 1100 1917 1206 1977; x_wconf 77' lang='lat' dir='ltr'>AEduae</span> <span class='ocrx_word' id='word_1_160' title='bbox 1281 1950 1282 1953; x_wconf 35' lang='lat'>¹</span> 
     </span>
     <span class='ocr_line' id='line_1_21' title="bbox 177 1994 1207 2071; baseline 0.004 -21"><span class='ocrx_word' id='word_1_161' title='bbox 177 1994 366 2071; x_wconf 67' lang='lat' dir='ltr'>mdignitatis</span> <span class='ocrx_word' id='word_1_162' title='bbox 384 1995 532 2065; x_wconf 85' lang='lat' dir='ltr'>tribuerat,</span> <span class='ocrx_word' id='word_1_163' title='bbox 547 1997 740 2054; x_wconf 73' lang='lat' dir='ltr'>coercendum</span> <span class='ocrx_word' id='word_1_164' title='bbox 762 2008 846 2070; x_wconf 90' lang='lat' dir='ltr'>atque</span> <span class='ocrx_word' id='word_1_165' title='bbox 866 1996 1076 2064; x_wconf 87' lang='lat' dir='ltr'>deterrendum,</span> <span class='ocrx_word' id='word_1_166' title='bbox 1109 1996 1207 2054; x_wconf 87' lang='lat' dir='ltr'>uibus-</span> 
     </span>
     <span class='ocr_line' id='line_1_22' title="bbox 220 2071 1282 2152; baseline 0.003 -22"><span class='ocrx_word' id='word_1_167' title='bbox 220 2091 333 2148; x_wconf 88' lang='lat' dir='ltr'>cunque</span> <span class='ocrx_word' id='word_1_168' title='bbox 341 2071 538 2149; x_wconf 87' lang='lat' dir='ltr'>rebusposset,</span> <span class='ocrx_word' id='word_1_169' title='bbox 547 2073 754 2150; x_wconf 83' lang='lat' dir='ltr'>Dumnorigem</span> <span class='ocrx_word' id='word_1_170' title='bbox 763 2071 921 2142; x_wconf 61' lang='lat' dir='ltr'>statuebam</span> <span class='ocrx_word' id='word_1_171' title='bbox 936 2072 1013 2149; x_wconf 84' lang='lat' dir='ltr'>qudd</span> <span class='ocrx_word' id='word_1_172' title='bbox 1021 2073 1135 2150; x_wconf 85' lang='lat' dir='ltr'>longius</span> <span class='ocrx_word' id='word_1_173' title='bbox 1144 2074 1207 2152; x_wconf 89' lang='lat' dir='ltr'>ejus</span> <span class='ocrx_word' id='word_1_174' title='bbox 1281 2144 1282 2149; x_wconf 7' lang='grc' dir='ltr'>ἵ</span> 
     </span>
     <span class='ocr_line' id='line_1_23' title="bbox 197 2147 1207 2228; baseline 0.003 -20"><span class='ocrx_word' id='word_1_175' title='bbox 197 2151 372 2223; x_wconf 70' lang='lat' dir='ltr'>&gt;amentiam</span> <span class='ocrx_word' id='word_1_176' title='bbox 380 2153 514 2228; x_wconf 84' lang='lat' dir='ltr'>progredi</span> <span class='ocrx_word' id='word_1_177' title='bbox 524 2153 647 2220; x_wconf 87' lang='lat' dir='ltr'>videbat,</span> <span class='ocrx_word' id='word_1_178' title='bbox 658 2151 888 2228; x_wconf 90' lang='lat' dir='ltr'>prospiciendum</span> <span class='ocrx_word' id='word_1_179' title='bbox 901 2170 939 2208; x_wconf 90' lang='lat' dir='ltr'>ne</span> <span class='ocrx_word' id='word_1_180' title='bbox 950 2152 1017 2226; x_wconf 93' lang='lat' dir='ltr'>quid</span> <span class='ocrx_word' id='word_1_181' title='bbox 1026 2147 1081 2208; x_wconf 89' lang='lat' dir='ltr'>sibi</span> <span class='ocrx_word' id='word_1_182' title='bbox 1090 2172 1125 2210; x_wconf 87' lang='lat' dir='ltr'>ac</span> <span class='ocrx_word' id='word_1_183' title='bbox 1133 2152 1207 2211; x_wconf 87' lang='lat' dir='ltr'>Rei-</span> 
     </span>
     <span class='ocr_line' id='line_1_24' title="bbox 216 2228 1208 2307; baseline 0.008 -25"><span class='ocrx_word' id='word_1_184' title='bbox 216 2228 338 2302; x_wconf 79' lang='lat' dir='ltr'>publice</span> <span class='ocrx_word' id='word_1_185' title='bbox 352 2248 458 2294; x_wconf 84' lang='lat' dir='ltr'>nocere</span> <span class='ocrx_word' id='word_1_186' title='bbox 471 2243 574 2307; x_wconf 90' lang='lat' dir='ltr'>posset.</span> <span class='ocrx_word' id='word_1_187' title='bbox 616 2231 716 2305; x_wconf 89' lang='lat' dir='ltr'>Itaque</span> <span class='ocrx_word' id='word_1_188' title='bbox 730 2230 791 2288; x_wconf 89' lang='lat' dir='ltr'>dies</span> <span class='ocrx_word' id='word_1_189' title='bbox 812 2229 926 2286; x_wconf 87' lang='lat' dir='ltr'>circiter</span> <span class='ocrx_word' id='word_1_190' title='bbox 946 2229 1036 2286; x_wconf 91' lang='lat' dir='ltr'>XXV</span> <span class='ocrx_word' id='word_1_191' title='bbox 1050 2230 1079 2286; x_wconf 95' lang='lat' dir='ltr'>in</span> <span class='ocrx_word' id='word_1_192' title='bbox 1094 2251 1130 2289; x_wconf 91' lang='lat' dir='ltr'>eo</span> <span class='ocrx_word' id='word_1_193' title='bbox 1143 2231 1208 2290; x_wconf 90' lang='lat' dir='ltr'>loco</span> 
     </span>
     <span class='ocr_line' id='line_1_25' title="bbox 219 2306 1208 2386; baseline 0.005 -24"><span class='ocrx_word' id='word_1_194' title='bbox 219 2317 419 2377; x_wconf 79' lang='lat' dir='ltr'>commoratus,</span> <span class='ocrx_word' id='word_1_195' title='bbox 434 2310 512 2386; x_wconf 85' lang='lat' dir='ltr'>qubd</span> <span class='ocrx_word' id='word_1_196' title='bbox 526 2311 617 2369; x_wconf 86' lang='lat' dir='ltr'>Corus</span> <span class='ocrx_word' id='word_1_197' title='bbox 628 2320 729 2367; x_wconf 82' lang='lat' dir='ltr'>ventus</span> <span class='ocrx_word' id='word_1_198' title='bbox 739 2308 950 2384; x_wconf 86' lang='lat' dir='ltr'>navigationem</span> <span class='ocrx_word' id='word_1_199' title='bbox 963 2306 1148 2382; x_wconf 87' lang='lat' dir='ltr'>impediebat,</span> <span class='ocrx_word' id='word_1_200' title='bbox 1157 2310 1208 2386; x_wconf 91' lang='lat' dir='ltr'>qui</span> 
     </span>
     <span class='ocr_line' id='line_1_26' title="bbox 175 2385 1206 2466; baseline 0 -22"><span class='ocrx_word' id='word_1_201' title='bbox 175 2391 352 2460; x_wconf 52' lang='lat' dir='ltr'>&amp;maguam</span> <span class='ocrx_word' id='word_1_202' title='bbox 364 2399 476 2463; x_wconf 87' lang='lat' dir='ltr'>partem</span> <span class='ocrx_word' id='word_1_203' title='bbox 496 2389 589 2447; x_wconf 89' lang='lat' dir='ltr'>omnis</span> <span class='ocrx_word' id='word_1_204' title='bbox 609 2388 743 2466; x_wconf 77' lang='lat' dir='ltr'>temporis</span> <span class='ocrx_word' id='word_1_205' title='bbox 757 2389 787 2446; x_wconf 91' lang='lat' dir='ltr'>in</span> <span class='ocrx_word' id='word_1_206' title='bbox 801 2387 845 2444; x_wconf 90' lang='lat' dir='ltr'>his</span> <span class='ocrx_word' id='word_1_207' title='bbox 864 2386 935 2444; x_wconf 90' lang='lat' dir='ltr'>locis</span> <span class='ocrx_word' id='word_1_208' title='bbox 955 2385 1023 2443; x_wconf 88' lang='lat' dir='ltr'>flare</span> <span class='ocrx_word' id='word_1_209' title='bbox 1047 2389 1206 2456; x_wconf 86' lang='lat' dir='ltr'>consuevit,</span> 
     </span>
     <span class='ocr_line' id='line_1_27' title="bbox 218 2461 1209 2543; baseline 0.002 -23"><span class='ocrx_word' id='word_1_210' title='bbox 218 2463 305 2521; x_wconf 86' lang='lat' dir='ltr'>dabat</span> <span class='ocrx_word' id='word_1_211' title='bbox 316 2483 443 2540; x_wconf 89' lang='lat' dir='ltr'>operam,</span> <span class='ocrx_word' id='word_1_212' title='bbox 457 2468 532 2525; x_wconf 93' lang='lat' dir='ltr'>utin</span> <span class='ocrx_word' id='word_1_213' title='bbox 543 2467 636 2526; x_wconf 86' lang='lat' dir='ltr'>officio</span> <span class='ocrx_word' id='word_1_214' title='bbox 654 2466 860 2543; x_wconf 85' lang='lat' dir='ltr'>Dumnorigem</span> <span class='ocrx_word' id='word_1_215' title='bbox 872 2465 1041 2532; x_wconf 89' lang='lat' dir='ltr'>contineret,</span> <span class='ocrx_word' id='word_1_216' title='bbox 1055 2461 1146 2524; x_wconf 92' lang='lat' dir='ltr'>nihilo</span> <span class='ocrx_word' id='word_1_217' title='bbox 1165 2477 1209 2523; x_wconf 88' lang='lat' dir='ltr'>tu-</span> 
     </span>
     <span class='ocr_line' id='line_1_28' title="bbox 218 2541 1207 2628; baseline 0.004 -30"><span class='ocrx_word' id='word_1_218' title='bbox 218 2560 284 2599; x_wconf 89' lang='lat' dir='ltr'>men</span> <span class='ocrx_word' id='word_1_219' title='bbox 298 2541 394 2602; x_wconf 86' lang='lat' dir='ltr'>seoids</span> <span class='ocrx_word' id='word_1_220' title='bbox 403 2545 500 2602; x_wconf 88' lang='lat' dir='ltr'>omnia</span> <span class='ocrx_word' id='word_1_221' title='bbox 510 2547 572 2623; x_wconf 88' lang='lat' dir='ltr'>ejus</span> <span class='ocrx_word' id='word_1_222' title='bbox 581 2545 702 2606; x_wconf 84' lang='lat' dir='ltr'>consilis</span> <span class='ocrx_word' id='word_1_223' title='bbox 712 2555 914 2628; x_wconf 83' lang='lat' dir='ltr'>cognosceret:</span> <span class='ocrx_word' id='word_1_224' title='bbox 935 2543 1207 2619; x_wconf 85' lang='lat' dir='ltr'>tandem,idonea1n</span> 
     </span>
     <span class='ocr_line' id='line_1_29' title="bbox 220 2621 1207 2702; baseline 0 -23"><span class='ocrx_word' id='word_1_225' title='bbox 220 2631 323 2680; x_wconf 90' lang='lat' dir='ltr'>nactus</span> <span class='ocrx_word' id='word_1_226' title='bbox 343 2633 551 2700; x_wconf 86' lang='lat' dir='ltr'>tempestatem,</span> <span class='ocrx_word' id='word_1_227' title='bbox 565 2625 670 2684; x_wconf 88' lang='lat' dir='ltr'>milites</span> <span class='ocrx_word' id='word_1_228' title='bbox 683 2626 848 2702; x_wconf 89' lang='lat' dir='ltr'>equitesque</span> <span class='ocrx_word' id='word_1_229' title='bbox 863 2623 1056 2682; x_wconf 89' lang='lat' dir='ltr'>conscendere</span> <span class='ocrx_word' id='word_1_230' title='bbox 1075 2621 1105 2679; x_wconf 93' lang='lat' dir='ltr'>in</span> <span class='ocrx_word' id='word_1_231' title='bbox 1119 2641 1207 2680; x_wconf 89' lang='lat' dir='ltr'>naves</span> 
     </span>
     <span class='ocr_line' id='line_1_30' title="bbox 219 2699 1208 2781; baseline 0 -24"><span class='ocrx_word' id='word_1_232' title='bbox 219 2700 309 2776; x_wconf 82' lang='lat' dir='ltr'>jubet</span> <span class='ocrx_word' id='word_1_233' title='bbox 350 2703 400 2770; x_wconf 82' lang='lat' dir='ltr'>At,</span> <span class='ocrx_word' id='word_1_234' title='bbox 409 2702 538 2760; x_wconf 90' lang='lat' dir='ltr'>omnium</span> <span class='ocrx_word' id='word_1_235' title='bbox 547 2705 689 2781; x_wconf 89' lang='lat' dir='ltr'>impeditis</span> <span class='ocrx_word' id='word_1_236' title='bbox 699 2704 811 2770; x_wconf 88' lang='lat' dir='ltr'>animis,</span> <span class='ocrx_word' id='word_1_237' title='bbox 820 2702 1055 2759; x_wconf 85' lang='lat' dir='ltr'>Dumnorixcum</span> <span class='ocrx_word' id='word_1_238' title='bbox 1063 2699 1208 2777; x_wconf 88' lang='lat' dir='ltr'>equitibus</span> 
     </span>
     <span class='ocr_line' id='line_1_31' title="bbox 177 2779 1206 2852; baseline -0.003 -13"><span class='ocrx_word' id='word_1_239' title='bbox 177 2779 382 2839; x_wconf 72' lang='lat' dir='ltr'>aoAEduorum</span> <span class='ocrx_word' id='word_1_240' title='bbox 409 2782 562 2849; x_wconf 72' lang='lat' dir='ltr'>a&#39;castris,</span> <span class='ocrx_word' id='word_1_241' title='bbox 590 2781 730 2842; x_wconf 87' lang='lat' dir='ltr'>insciente</span> <span class='ocrx_word' id='word_1_242' title='bbox 756 2780 882 2852; x_wconf 78' lang='lat' dir='ltr'>Caesare,</span> <span class='ocrx_word' id='word_1_243' title='bbox 909 2780 1024 2837; x_wconf 91' lang='lat' dir='ltr'>domum</span> <span class='ocrx_word' id='word_1_244' title='bbox 1057 2779 1206 2836; x_wconf 88' lang='lat' dir='ltr'>discedere</span> 
     </span>
     <span class='ocr_line' id='line_1_32' title="bbox 221 2857 1206 2934; baseline 0 -20"><span class='ocrx_word' id='word_1_245' title='bbox 221 2857 316 2932; x_wconf 81' lang='lat' dir='ltr'>coepit</span> <span class='ocrx_word' id='word_1_246' title='bbox 364 2859 435 2920; x_wconf 78' lang='lat' dir='ltr'>Qut</span> <span class='ocrx_word' id='word_1_247' title='bbox 461 2878 492 2917; x_wconf 87' lang='lat' dir='ltr'>re</span> <span class='ocrx_word' id='word_1_248' title='bbox 522 2859 669 2927; x_wconf 77' lang='lat' dir='ltr'>nunciati,</span> <span class='ocrx_word' id='word_1_249' title='bbox 698 2859 805 2925; x_wconf 79' lang='lat' dir='ltr'>Cesar,</span> <span class='ocrx_word' id='word_1_250' title='bbox 833 2857 994 2916; x_wconf 75' lang='lat' dir='ltr'>intermissi</span> <span class='ocrx_word' id='word_1_251' title='bbox 1020 2858 1206 2934; x_wconf 82' lang='lat' dir='ltr'>profectione,</span> 
     </span>
     <span class='ocr_line' id='line_1_33' title="bbox 187 2936 1207 3014; baseline 0.002 -22"><span class='ocrx_word' id='word_1_252' title='bbox 187 2959 202 2978; x_wconf 86' lang='lat'><strong>·</strong></span> <span class='ocrx_word' id='word_1_253' title='bbox 223 2945 306 3010; x_wconf 89' lang='lat' dir='ltr'>atque</span> <span class='ocrx_word' id='word_1_254' title='bbox 316 2937 448 2995; x_wconf 83' lang='lat' dir='ltr'>omnibus</span> <span class='ocrx_word' id='word_1_255' title='bbox 460 2939 546 2996; x_wconf 92' lang='lat' dir='ltr'>rebus</span> <span class='ocrx_word' id='word_1_256' title='bbox 559 2937 729 3014; x_wconf 88' lang='lat' dir='ltr'>postpositis,</span> <span class='ocrx_word' id='word_1_257' title='bbox 743 2955 878 3013; x_wconf 83' lang='lat' dir='ltr'>magnum</span> <span class='ocrx_word' id='word_1_258' title='bbox 890 2949 1001 3013; x_wconf 88' lang='lat' dir='ltr'>partem</span> <span class='ocrx_word' id='word_1_259' title='bbox 1014 2936 1156 3012; x_wconf 78' lang='lat' dir='ltr'>equitatus</span> <span class='ocrx_word' id='word_1_260' title='bbox 1170 2937 1207 2995; x_wconf 88' lang='lat' dir='ltr'>ad</span> 
     </span>
     <span class='ocr_line' id='line_1_34' title="bbox 115 3014 1206 3092; baseline 0 -21"><span class='ocrx_word' id='word_1_261' title='bbox 115 3069 123 3082; x_wconf 82' lang='grc'><strong><em>,</em></strong></span> <span class='ocrx_word' id='word_1_262' title='bbox 222 3033 289 3071; x_wconf 90' lang='lat' dir='ltr'>eum</span> <span class='ocrx_word' id='word_1_263' title='bbox 310 3014 517 3092; x_wconf 87' lang='lat' dir='ltr'>insequendum</span> <span class='ocrx_word' id='word_1_264' title='bbox 538 3017 634 3085; x_wconf 89' lang='lat' dir='ltr'>mittit,</span> <span class='ocrx_word' id='word_1_265' title='bbox 648 3016 809 3092; x_wconf 88' lang='lat' dir='ltr'>retrahique</span> <span class='ocrx_word' id='word_1_266' title='bbox 833 3014 972 3091; x_wconf 86' lang='lat' dir='ltr'>imperat:</span> <span class='ocrx_word' id='word_1_267' title='bbox 1001 3017 1025 3073; x_wconf 91' lang='lat' dir='ltr'>si</span> <span class='ocrx_word' id='word_1_268' title='bbox 1038 3015 1095 3072; x_wconf 79' lang='lat' dir='ltr'>vini</span> <span class='ocrx_word' id='word_1_269' title='bbox 1108 3015 1206 3082; x_wconf 85' lang='lat' dir='ltr'>saciat,</span> 
     </span>
     <span class='ocr_line' id='line_1_35' title="bbox 222 3092 1209 3172; baseline 0.004 -24"><span class='ocrx_word' id='word_1_270' title='bbox 222 3111 314 3168; x_wconf 86' lang='lat' dir='ltr'>neque</span> <span class='ocrx_word' id='word_1_271' title='bbox 325 3106 432 3170; x_wconf 88' lang='lat' dir='ltr'>pareat,</span> <span class='ocrx_word' id='word_1_272' title='bbox 448 3095 569 3154; x_wconf 89' lang='lat' dir='ltr'>interfici</span> <span class='ocrx_word' id='word_1_273' title='bbox 581 3092 678 3170; x_wconf 85' lang='lat' dir='ltr'>jubet:</span> <span class='ocrx_word' id='word_1_274' title='bbox 699 3093 872 3172; x_wconf 58' lang='lat' dir='ltr'>nihilhunc,</span> <span class='ocrx_word' id='word_1_275' title='bbox 887 3113 918 3152; x_wconf 92' lang='lat' dir='ltr'>se</span> <span class='ocrx_word' id='word_1_276' title='bbox 932 3094 1059 3161; x_wconf 87' lang='lat' dir='ltr'>absente,</span> <span class='ocrx_word' id='word_1_277' title='bbox 1073 3112 1125 3169; x_wconf 92' lang='lat' dir='ltr'>pro</span> <span class='ocrx_word' id='word_1_278' title='bbox 1138 3111 1209 3152; x_wconf 87' lang='lat' dir='ltr'>sano</span> 
     </span>
     <span class='ocr_line' id='line_1_36' title="bbox 171 3171 1209 3250; baseline -0.003 -20"><span class='ocrx_word' id='word_1_279' title='bbox 171 3177 215 3230; x_wconf 67' lang='lat'>³5</span> <span class='ocrx_word' id='word_1_280' title='bbox 223 3171 364 3230; x_wconf 81' lang='lat' dir='ltr'>iacturum</span> <span class='ocrx_word' id='word_1_281' title='bbox 376 3173 536 3242; x_wconf 69' lang='lat' dir='ltr'>arbitratus</span> <span class='ocrx_word' id='word_1_282' title='bbox 547 3173 596 3249; x_wconf 91' lang='lat' dir='ltr'>qui</span> <span class='ocrx_word' id='word_1_283' title='bbox 608 3173 756 3250; x_wconf 77' lang='lat' dir='ltr'>presentis</span> <span class='ocrx_word' id='word_1_284' title='bbox 770 3173 920 3249; x_wconf 87' lang='lat' dir='ltr'>imperium</span> <span class='ocrx_word' id='word_1_285' title='bbox 932 3172 1113 3249; x_wconf 83' lang='lat' dir='ltr'>neglexisset.</span> <span class='ocrx_word' id='word_1_286' title='bbox 1154 3171 1209 3228; x_wconf 93' lang='lat' dir='ltr'>Ille</span> 
     </span>
     <span class='ocr_line' id='line_1_37' title="bbox 224 3247 1208 3326; baseline -0.001 -18"><span class='ocrx_word' id='word_1_287' title='bbox 224 3249 302 3308; x_wconf 89' lang='lat' dir='ltr'>enim</span> <span class='ocrx_word' id='word_1_288' title='bbox 321 3247 468 3310; x_wconf 80' lang='lat' dir='ltr'>rev‘oeatus</span> <span class='ocrx_word' id='word_1_289' title='bbox 488 3254 628 3320; x_wconf 86' lang='lat' dir='ltr'>resistere,</span> <span class='ocrx_word' id='word_1_290' title='bbox 651 3271 686 3310; x_wconf 91' lang='lat' dir='ltr'>ac</span> <span class='ocrx_word' id='word_1_291' title='bbox 699 3271 729 3309; x_wconf 92' lang='lat' dir='ltr'>se</span> <span class='ocrx_word' id='word_1_292' title='bbox 752 3251 1015 3319; x_wconf 79' lang='lat' dir='ltr'>mansuefendere,</span> <span class='ocrx_word' id='word_1_293' title='bbox 1037 3269 1208 3326; x_wconf 91' lang='lat' dir='ltr'>suorumque</span> 
     </span>
     <span class='ocr_line' id='line_1_38' title="bbox 185 3326 1211 3414; baseline 0.002 -28"><span class='ocrx_word' id='word_1_294' title='bbox 185 3341 188 3350; x_wconf 73' lang='grc'><strong>“</strong></span> <span class='ocrx_word' id='word_1_295' title='bbox 225 3330 311 3388; x_wconf 87' lang='lat' dir='ltr'>fidem</span> <span class='ocrx_word' id='word_1_296' title='bbox 325 3331 472 3408; x_wconf 90' lang='lat' dir='ltr'>implorare</span> <span class='ocrx_word' id='word_1_297' title='bbox 486 3332 583 3408; x_wconf 85' lang='lat' dir='ltr'>coepit,</span> <span class='ocrx_word' id='word_1_298' title='bbox 597 3330 672 3407; x_wconf 76' lang='lat' dir='ltr'>sepe</span> <span class='ocrx_word' id='word_1_299' title='bbox 693 3329 854 3404; x_wconf 85' lang='lat' dir='ltr'>clamitans,</span> <span class='ocrx_word' id='word_1_300' title='bbox 870 3330 1024 3389; x_wconf 84' lang='lat' dir='ltr'>‘Liberum</span> <span class='ocrx_word' id='word_1_301' title='bbox 1043 3347 1083 3394; x_wconf 86' lang='lat' dir='ltr'>se,</span> <span class='ocrx_word' id='word_1_302' title='bbox 1098 3326 1211 3414; x_wconf 76' lang='lat' dir='ltr'>libere-</span> 
     </span>
     <span class='ocr_line' id='line_1_39' title="bbox 224 3406 1210 3486; baseline 0 -22"><span class='ocrx_word' id='word_1_303' title='bbox 224 3427 279 3480; x_wconf 92' lang='lat' dir='ltr'>que</span> <span class='ocrx_word' id='word_1_304' title='bbox 306 3411 427 3470; x_wconf 85' lang='lat' dir='ltr'>civitatis</span> <span class='ocrx_word' id='word_1_305' title='bbox 447 3411 531 3469; x_wconf 69' lang='lat' dir='ltr'>esse!</span> <span class='ocrx_word' id='word_1_306' title='bbox 570 3409 626 3477; x_wconf 91' lang='lat' dir='ltr'>llli,</span> <span class='ocrx_word' id='word_1_307' title='bbox 651 3421 683 3467; x_wconf 91' lang='lat' dir='ltr'>ut</span> <span class='ocrx_word' id='word_1_308' title='bbox 707 3419 769 3467; x_wconf 86' lang='lat' dir='ltr'>erat</span> <span class='ocrx_word' id='word_1_309' title='bbox 792 3409 970 3486; x_wconf 87' lang='lat' dir='ltr'>imperatum,</span> <span class='ocrx_word' id='word_1_310' title='bbox 994 3406 1210 3466; x_wconf 83' lang='lat' dir='ltr'>circumsistunt</span> 
     </span>
     <span class='ocr_line' id='line_1_40' title="bbox 224 3481 1210 3567; baseline 0.004 -27"><span class='ocrx_word' id='word_1_311' title='bbox 224 3485 381 3558; x_wconf 89' lang='lat' dir='ltr'>hominem,</span> <span class='ocrx_word' id='word_1_312' title='bbox 404 3499 486 3567; x_wconf 91' lang='lat' dir='ltr'>atque</span> <span class='ocrx_word' id='word_1_313' title='bbox 507 3489 700 3548; x_wconf 86' lang='lat' dir='ltr'>interficiunt:</span> <span class='ocrx_word' id='word_1_314' title='bbox 723 3499 751 3546; x_wconf 92' lang='lat' dir='ltr'>at</span> <span class='ocrx_word' id='word_1_315' title='bbox 771 3487 861 3546; x_wconf 79' lang='lat' dir='ltr'>AEdui</span> <span class='ocrx_word' id='word_1_316' title='bbox 882 3487 990 3563; x_wconf 88' lang='lat' dir='ltr'>equites</span> <span class='ocrx_word' id='word_1_317' title='bbox 1005 3483 1041 3540; x_wconf 87' lang='lat' dir='ltr'>ad</span> <span class='ocrx_word' id='word_1_318' title='bbox 1062 3481 1210 3543; x_wconf 83' lang='lat' dir='ltr'>Caesarem</span> 
     </span>
     <span class='ocr_line' id='line_1_41' title="bbox 180 3567 640 3627; baseline 0.007 -6"><span class='ocrx_word' id='word_1_319' title='bbox 180 3567 324 3621; x_wconf 71' lang='lat' dir='ltr'>womnes</span> <span class='ocrx_word' id='word_1_320' title='bbox 337 3580 524 3627; x_wconf 83' lang='lat' dir='ltr'>revertuntur.</span> <span class='ocrx_word' id='word_1_321' title='bbox 636 3615 640 3624; x_wconf 90' lang='lat'>.</span> 
     </span>
    </p>

    <p class='ocr_par' dir='ltr' id='par_1_3' title="bbox 225 3639 1213 3958">
     <span class='ocr_line' id='line_1_42' title="bbox 262 3639 1211 3723; baseline 0.002 -27"><span class='ocrx_word' id='word_1_322' title='bbox 262 3639 349 3699; x_wconf 88' lang='lat' dir='ltr'><strong>VIII.</strong></span> <span class='ocrx_word' id='word_1_323' title='bbox 391 3647 448 3704; x_wconf 90' lang='lat' dir='ltr'>His</span> <span class='ocrx_word' id='word_1_324' title='bbox 462 3649 547 3706; x_wconf 89' lang='lat' dir='ltr'>rebus</span> <span class='ocrx_word' id='word_1_325' title='bbox 560 3646 656 3723; x_wconf 85' lang='lat' dir='ltr'>gestis,</span> <span class='ocrx_word' id='word_1_326' title='bbox 671 3646 802 3704; x_wconf 87' lang='lat' dir='ltr'>Labieno</span> <span class='ocrx_word' id='word_1_327' title='bbox 816 3646 846 3704; x_wconf 93' lang='lat' dir='ltr'>in</span> <span class='ocrx_word' id='word_1_328' title='bbox 860 3642 1024 3702; x_wconf 89' lang='lat' dir='ltr'>continente</span> <span class='ocrx_word' id='word_1_329' title='bbox 1038 3659 1105 3698; x_wconf 88' lang='lat' dir='ltr'>curn</span> <span class='ocrx_word' id='word_1_330' title='bbox 1118 3641 1211 3699; x_wconf 85' lang='lat' dir='ltr'>tribus</span> 
     </span>
     <span class='ocr_line' id='line_1_43' title="bbox 225 3717 1213 3801; baseline 0.004 -27"><span class='ocrx_word' id='word_1_331' title='bbox 225 3717 385 3794; x_wconf 85' lang='lat' dir='ltr'>legionibus</span> <span class='ocrx_word' id='word_1_332' title='bbox 398 3734 427 3780; x_wconf 89' lang='lat' dir='ltr'>et</span> <span class='ocrx_word' id='word_1_333' title='bbox 441 3727 568 3801; x_wconf 85' lang='lat' dir='ltr'>equitum</span> <span class='ocrx_word' id='word_1_334' title='bbox 578 3724 703 3782; x_wconf 92' lang='lat' dir='ltr'>millibus</span> <span class='ocrx_word' id='word_1_335' title='bbox 716 3725 827 3782; x_wconf 91' lang='lat' dir='ltr'>duobus</span> <span class='ocrx_word' id='word_1_336' title='bbox 840 3722 948 3787; x_wconf 91' lang='lat' dir='ltr'>relicto,</span> <span class='ocrx_word' id='word_1_337' title='bbox 962 3729 995 3777; x_wconf 88' lang='lat' dir='ltr'>ut</span> <span class='ocrx_word' id='word_1_338' title='bbox 1007 3730 1104 3796; x_wconf 80' lang='lat' dir='ltr'>portus</span> <span class='ocrx_word' id='word_1_339' title='bbox 1117 3731 1213 3778; x_wconf 90' lang='lat' dir='ltr'>tuere·</span> 
     </span>
     <span class='ocr_line' id='line_1_44' title="bbox 225 3797 1213 3878; baseline -0.008 -14"><span class='ocrx_word' id='word_1_340' title='bbox 225 3807 280 3863; x_wconf 71' lang='lat' dir='ltr'><strong>tur,</strong></span> <span class='ocrx_word' id='word_1_341' title='bbox 313 3806 342 3854; x_wconf 88' lang='lat' dir='ltr'>et</span> <span class='ocrx_word' id='word_1_342' title='bbox 367 3817 427 3856; x_wconf 87' lang='lat' dir='ltr'>rem</span> <span class='ocrx_word' id='word_1_343' title='bbox 458 3803 672 3862; x_wconf 84' lang='lat' dir='ltr'>frumentariam</span> <span class='ocrx_word' id='word_1_344' title='bbox 697 3803 866 3878; x_wconf 88' lang='lat' dir='ltr'>provideret,</span> <span class='ocrx_word' id='word_1_345' title='bbox 899 3817 1018 3874; x_wconf 79' lang='lat' dir='ltr'>queque</span> <span class='ocrx_word' id='word_1_346' title='bbox 1051 3798 1081 3856; x_wconf 94' lang='lat' dir='ltr'>in</span> <span class='ocrx_word' id='word_1_347' title='bbox 1114 3797 1213 3857; x_wconf 76' lang='lat' dir='ltr'>Galia</span> 
     </span>
     <span class='ocr_line' id='line_1_45' title="bbox 227 3879 1213 3958; baseline 0.006 -27"><span class='ocrx_word' id='word_1_348' title='bbox 227 3882 390 3954; x_wconf 83' lang='lat' dir='ltr'>gererentur</span> <span class='ocrx_word' id='word_1_349' title='bbox 409 3892 607 3954; x_wconf 81' lang='lat' dir='ltr'>cognosceret,</span> <span class='ocrx_word' id='word_1_350' title='bbox 626 3879 831 3955; x_wconf 89' lang='lat' dir='ltr'>consiliumque</span> <span class='ocrx_word' id='word_1_351' title='bbox 852 3895 903 3958; x_wconf 92' lang='lat' dir='ltr'>pro</span> <span class='ocrx_word' id='word_1_352' title='bbox 915 3887 1043 3958; x_wconf 88' lang='lat' dir='ltr'>tempore</span> <span class='ocrx_word' id='word_1_353' title='bbox 1063 3887 1092 3936; x_wconf 90' lang='lat' dir='ltr'>et</span> <span class='ocrx_word' id='word_1_354' title='bbox 1104 3895 1156 3956; x_wconf 93' lang='lat' dir='ltr'>pro</span> <span class='ocrx_word' id='word_1_355' title='bbox 1179 3895 1213 3938; x_wconf 86' lang='lat' dir='ltr'>re</span> 
     </span>
    </p>
   </div>
   <div class='ocr_carea' id='block_1_3' title="bbox 0 0 1294 4422">
    <p class='ocr_par' dir='ltr' id='par_1_4' title="bbox 0 0 1294 4422">
     <span class='ocr_line' id='line_1_46' title="bbox 0 0 1294 4422; baseline 0 0"><span class='ocrx_word' id='word_1_356' title='bbox 0 0 1294 4422; x_wconf 95' lang='lat' dir='ltr'> </span> 
     </span>
    </p>
   </div>
  </div>
 </body>
</html>
