2590 4424
433 285 756 340 umnnsacmnus
1094 287 1137 348 w

105 395 270 568 suaderipp
290 417 398 488 diutins
417 440 603 496 morarentur,
625 447 719 504 neque
732 428 792 486 suis
810 426 949 526 amilium
969 429 1135 497 lerrerit,

104 531 162 571 non
173 521 237 588 pote
269 520 290 567 ι.

142 589 196 646 XI
237 588 282 646 Ed
295 606 326 645 re
339 574 504 653 constituta,
518 584 649 642 secunda
659 584 757 661 vigilia
770 604 877 662 magno
889 605 956 643 cum
966 585 1084 662 strepitu

104 687 139 726 ac
150 667 273 725 tumultu
293 665 394 723 castris
406 665 523 740 egressi,
537 663 616 720 nullo
629 673 709 720 certo
728 664 829 721 ordine
850 683 942 739 neque
956 665 1083 740 imperio,

100 764 187 821 quum
200 745 254 802 sibi
275 745 393 819 quisque
407 743 529 818 primum
557 741 667 798 itineris
680 741 775 798 locum
795 751 904 817 poteret
919 754 948 801 et
968 743 1084 800 domum
1110 749 1128 800 5

77 823 246 900 pervenire
269 831 441 898 properaret,
464 821 602 886 iecerunt,
623 829 655 876 ut
676 805 833 877 consimilis
853 821 927 895 fuge
948 821 1125 896 profectio

100 903 249 959 videretur.
299 901 365 956 Hac
389 917 419 956 re
443 896 538 956 statim
558 898 656 954 Cesar
676 915 726 994 pqr
747 898 938 974 speculatores
957 899 1082 974 cognita,

100 980 219 1036 insidias
242 979 357 1045 veritus,
381 975 548 1065 quidqud
571 977 608 1031 de
631 977 720 1032 causa
742 977 932 1044 discederent,
956 978 1083 1034 nondum

99 1049 289 1156 perspexerat,
300 1056 457 1113 exercitum
465 1054 677 1128 equitatumque
689 1055 789 1111 castris
797 1055 946 1112 continuit.
987 1055 1083 1112 Prima

98 1135 174 1202 luce,
189 1132 357 1192 confirmata
369 1153 400 1190 re
420 1134 455 1189 ab
476 1131 709 1206 exploratoribus,
723 1151 837 1188 omnem
854 1125 1021 1206 equitatum,
1034 1133 1127 1207 quill)

98 1213 284 1270 novissimum
306 1231 408 1288 agmen
429 1220 596 1275 moraretur,
617 1209 761 1285 premisit.
810 1211 866 1267 His
888 1211 929 1272 Q.
951 1210 1082 1278 Pedium,

98 1291 174 1348 etL.
189 1291 417 1358 Aurunculeium
438 1290 554 1346 Cottam
568 1288 677 1363 legatos
691 1288 827 1377 prefecit.
869 1289 907 1344 T.
923 1288 1082 1346 Labienum

98 1368 237 1444 legatum
234 1388 300 1426 curn
311 1368 472 1444 legionibus
481 1367 572 1423 tribus
580 1366 731 1440 subsequi
721 1366 813 1441 jussit.
855 1366 906 1434 Ηι,
917 1367 1083 1424 ιιοιιιιιιιιοι

16 1441 18 1448 ’
97 1447 189 1504 ‘adorti
209 1458 238 1504 et
258 1447 347 1504 multa
366 1445 456 1502 millia
476 1461 613 1519 passuum
632 1445 785 1519 prosecuti,
799 1463 934 1521 magnam
957 1445 1084 1503 multitu-

77 1525 197 1580 dinem
228 1543 326 1580 eorum
352 1523 523 1598 fugientium
550 1523 747 1589 conciderunt,
775 1543 875 1598 quum*
896 1525 931 1580 ab
957 1535 1083 1582 extremo
1094 1528 1127 1580 1⁵

100 1601 225 1677 agmine,
242 1603 277 1658 ad
297 1619 367 1676 quos
380 1611 496 1657 ventum
508 1611 578 1668 erat,
600 1601 797 1667 consisterent,
812 1602 975 1675 fortiterque
995 1603 1083 1677 impe·

98 1691 161 1736 tum
174 1690 333 1736 nostrorum
346 1678 468 1735 militum
488 1679 678 1748 sustinerent;
698 1679 860 1753 prioresque
879 1678 969 1756 (qubd
984 1681 1082 1736 abesse

99 1777 116 1814 a
137 1757 263 1833 periculo
284 1758 455 1822 viderentur,
478 1776 570 1832 neque
591 1758 649 1814 ulle
667 1757 838 1814 necessitate
852 1775 944 1832 neque
964 1757 1083 1833 imperio

98 1836 336 1914 continerentur),
346 1835 482 1893 exaudito
491 1835 624 1903 clamores
633 1835 804 1911 perturbatis
817 1835 974 1902 ordinibus,
982 1854 1082 1892 omnes
1161 1839 1164 1844 '

98 1914 127 1970 in
139 1915 206 1989 lugd
217 1914 272 1970 sibi
282 1913 446 1989 presidium
455 1924 601 1988 ponerent.
643 1913 688 1970 Ita
699 1913 760 1970 siue
771 1914 828 1972 ullo
836 1914 963 1989 periculo
970 1924 1079 1971 tantam
1089 1917 1126 1970 20

97 2009 194 2049 eorum
218 1991 432 2049 multitudinem
454 1993 543 2048 nostri
564 1992 776 2058 interfecerunt,
798 2003 936 2066 quantum
958 1993 1011 2048 I'uit
1022 1992 1080 2049 diei

97 2071 235 2159 spatium
254 2070 505 2144 suboccasumque
518 2070 585 2127 solis
595 2071 773 2137 destiterunt
788 2089 874 2145 seque
888 2070 918 2126 in
931 2081 1035 2138 castra
1049 2081 1080 2128 ut

96 2160 158 2205 erat
171 2151 349 2224 imperatum,
363 2158 543 2237 receperunt

135 2226 207 2283 XII.
249 2227 427 2285 Postridie
401 2245 465 2300 eJus
485 2226 543 2282 diei
557 2225 664 2292 Cesar,
678 2223 856 2303 prilrsqudm
877 2246 907 2284 se
929 2229 1023 2285 hostes
1043 2246 1080 2286 ex

96 2315 203 2360 terrore
217 2323 251 2360 ac
265 2305 333 2379 luga
351 2304 522 2392 reciperent,
539 2303 569 2360 in
587 2303 659 2361 lines
680 2305 876 2373 Suessionum,
889 2306 938 2381 qui
958 2307 1124 2382 proximi25

96 2381 200 2438 Remis
220 2391 311 2447 erant,
325 2381 483 2438 exercitum
495 2381 586 2448 duxit,
600 2393 629 2438 et
649 2401 755 2468 magno
773 2384 874 2441 itinere
890 2385 1021 2442 consecto
1042 2385 1078 2442 ad

94 2459 233 2534 oppidum
253 2423 457 2515 Νοιιοιιιιιιιιιιι
477 2459 633 2515 contendit.
681 2455 731 2516 ld
736 2481 773 2518 ex
795 2463 895 2518 itinere
915 2481 1078 2537 oppugnare
1147 2455 1152 2470 ’

94 2547 227 2602 conatus,
241 2535 317 2610 quod
331 2555 453 2594 vacuum
468 2537 505 2592 ab
518 2536 714 2595 defensoribus
732 2543 795 2596 esse
809 2540 952 2606 audiebat,
966 2549 1079 2614 propter

94 2614 275 2672 latitudinem
286 2615 377 2681 sossae,
392 2614 536 2704 murique
536 2614 724 2683 altitudinem,
737 2618 837 2706 paucis
849 2617 1078 2684 defendentibus,

94 2711 259 2768 expugnare
270 2713 328 2750 non
341 2694 440 2769 potuit.
482 2693 592 2750 Castris
602 2694 729 2762 munitis,
740 2696 839 2768 vineas
853 2714 946 2786 agere,
961 2714 1079 2770 quaeque
1088 2697 1125 2752 30

94 2772 131 2828 ad
157 2772 383 2860 oppugnandum
408 2771 473 2828 usui
499 2783 591 2839 eraut,
618 2791 784 2862 comparare
810 2773 905 2849 coepit.
959 2774 1080 2832 Interim

91 2849 187 2905 omnis
210 2869 247 2906 ex
270 2850 338 2938 fugi
362 2850 548 2907 Suessionum
571 2850 751 2908 multitudo
743 2871 773 2908 ιιι
795 2853 931 2942 oppidum
951 2853 1079 2928 proxima

92 2938 180 2984 nocte
200 2927 343 2984 convenit.
383 2927 522 2984 Celeriter
543 2928 634 2986 vineis
655 2930 691 2986 ad
712 2930 848 3006 oppidum
869 2931 950 2996 actis,
975 2948 1079 3006 aggere
1178 2979 1183 2992 ,

89 3005 178 3079 jacto,
190 3004 371 3080 turribusque
381 3006 552 3072 constitutis
566 3007 765 3082 magnitudine
774 3027 902 3084 operum
913 3027 975 3084 quae
986 3028 1079 3084 neque

91 3083 224 3140 viderant
238 3083 304 3140 ante
318 3084 395 3140 Galli
406 3103 498 3158 neque
513 3085 672 3152 audierant,
683 3096 712 3142 et
722 3086 867 3144 celeritate
881 3087 1078 3145 Romanorum
1088 3090 1123 3142 35

89 3160 223 3236 permoti,
237 3162 346 3236 legatos
361 3163 396 3218 ad
410 3161 554 3220 Caesarem
565 3164 602 3220 de
614 3163 760 3221 deditione
774 3165 907 3234 mittuut3
928 3177 967 3232 et,
981 3174 1080 3239 peten-

89 3240 169 3298 tibus
183 3239 296 3304 Remis,
311 3250 342 3295 ut
355 3252 599 3308 conservarentur,
614 3241 802 3333 impetrant.

130 3316 221 3375 XIII.
263 3317 371 3385 Cesar,
395 3318 542 3376 obsidibus
565 3320 701 3409 acceptis,
725 3321 824 3396 primis
847 3319 969 3376 civitatis
993 3329 1076 3394 atque

89 3394 182 3469 ipsius
194 3395 294 3452 Galbae
312 3395 388 3470 regis
401 3387 512 3453 duobus
529 3397 604 3464 filiis,
620 3397 760 3474 armisque
773 3396 905 3455 omnibus
918 3415 954 3453 er
973 3398 1078 3473 oppido

89 3471 243 3538 traditiss
235 3493 265 3530 m
286 3474 462 3531 deditionem
479 3475 651 3533 Suessiones
671 3477 791 3551 accepit,
813 3474 1026 3564 enercitumque
1046 3477 1122 3534 iudo

87 3549 259 3608 Belloiaocs
278 3552 367 3608 duxit.
407 3552 471 3613 Qui
490 3571 577 3626 quum
598 3571 629 3610 se
649 3573 756 3629 sueque
773 3551 870 3608 omnia
890 3552 921 3611 ιιι
941 3555 1077 3630 oppidum

87 3627 324 3718 Bratuspantium
344 3629 540 3697 contulissent,
562 3641 646 3705 atque
666 3633 702 3688 ab
722 3650 757 3687 eo
768 3629 873 3705 oppido
892 3631 990 3689 Caesar
1009 3651 1077 3690 cnm

85 3703 221 3762 exercitu
251 3705 363 3764 circiter
388 3708 479 3765 millia
510 3727 646 3798 passuum
671 3709 796 3783 quinque
823 3709 944 3778 abesset,
977 3727 1077 3767 omnes

85 3783 213 3860 majores
228 3794 307 3850 natu,
327 3803 364 3843 ex
375 3786 479 3860 oppido
495 3787 613 3870 egressi,
627 3805 730 3844 manus
751 3787 787 3844 ad
800 3786 947 3846 Caesarem
959 3787 1076 3844 tendere
1134 3850 1139 3855 ¹

309 3914 317 3936 ,
352 3863 454 3922 -*3
