2590 4424
448 322 729 400 nrannrnarru's.
1091 359 1132 418 ω

89 513 130 552 ex
152 493 249 570 pugni
269 492 442 560 excedendi,
463 457 514 550 sed
537 512 574 550 ne
596 494 697 551 saucio
718 492 833 568 quidem
857 493 919 570 ejus
941 494 1007 564 loci,
1032 497 1082 555 ubi

92 573 268 640 constiterat,
283 571 476 647 relinquendi,
492 591 526 629 ac
538 571 583 628 sui
596 571 755 646 recipiendi
768 546 889 630 facultas
902 559 1030 632 dabll'ur.

133 651 168 708 V.
209 651 311 712 Quum
322 651 384 727 jam
399 649 520 726 amplihs
540 649 617 708 horis
632 667 683 707 sex
700 650 880 709 continenter
897 669 1081 728 pugnaretur,

92 748 127 786 ac
148 748 205 786 non
227 728 320 788 solium
337 729 414 786 vires
427 729 477 786 sed
498 729 592 788 etiam
605 729 663 786 tela
684 729 795 795 nostris¹
810 729 975 798 deficerent,
998 744 1082 809 atque

91 800 192 865 hostes'
222 806 317 866 acrius
343 807 493 875 instarent,
524 807 806 884 languidioribusque
833 809 946 878 nostris,
977 811 1082 870 vallum
1112 819 1129 871 5

92 885 225 943 scindere
246 897 275 944 et
295 887 384 944 scasas
402 886 545 963 complere
567 886 730 962 cepissent,
752 906 854 963 resque
872 899 947 946 esset
964 889 1024 964 jam
1046 892 1082 948 ad

91 975 254 1022 extremum
279 966 418 1040 perducta
443 983 554 1032 casum,
585 964 618 1022 P.
646 965 761 1022 Sextius
785 966 920 1035 Baculus,
947 966 1082 1043 primipili

91 1042 236 1110 centurio,
252 1062 337 1118 quem
358 1043 491 1112 Nervico
508 1043 607 1119 praelio
627 1044 821 1119 compluribus
839 1047 1004 1104 confectum
1024 1047 1083 1104 vul·

91 1122 215 1179 neribus
228 1121 361 1189 diximus,
375 1133 404 1179 et
424 1122 491 1180 item
505 1121 540 1178 C.
555 1121 728 1190 Volusenus,
742 1123 873 1182 tribunus
894 1125 1025 1193 militum,
1041 1125 1082 1183 vir

91 1211 121 1258 et
151 1200 268 1258 consilii
283 1201 391 1276 'magni
413 1212 441 1258 et
461 1201 581 1267 virtutis,
605 1201 641 1256 ad
666 1201 789 1258 Galbam
813 1215 975 1272 accurrunt,
999 1215 1083 1284 atque
1097 1214 1130 1267 10

92 1299 184 1336 unam
198 1299 263 1336 esse
276 1299 357 1355 spem
370 1279 466 1337 salutis
479 1280 595 1346 docent,
610 1279 644 1347 si,
657 1280 805 1355 eruptione
824 1283 910 1355 facta,
924 1294 1082 1342 extremum

93 1358 233 1416 auxilium
267 1358 469 1434 experirentur.
524 1358 634 1434 ltaque,
666 1360 829 1418 convocatis
857 1361 1081 1430 centurionibus,

93 1437 225 1514 celeriter
245 1437 351 1494 milites
366 1437 502 1496 certiores
523 1437 601 1505 facit,
615 1437 757 1514 paulisper
773 1438 993 1498 intermitterent
1011 1459 1083 1516 prae-

93 1516 175 1583 lium,
190 1535 224 1574 ac
244 1517 441 1574 tantummodo
461 1515 520 1573 tela
532 1515 621 1574 missa
638 1517 812 1593 exciperent,
829 1538 915 1596 seque
936 1539 973 1576 ex
985 1519 1082 1578 labore

92 1594 268 1652 reficerent:
296 1595 371 1671 post,
395 1597 462 1653 dato
485 1595 578 1670 signo,
599 1615 636 1652 ex
658 1596 759 1654 castris
782 1609 972 1674 erumperent,
998 1608 1130 1675 atque15

92 1693 214 1733 ornnem
226 1693 306 1750 apem
319 1673 416 1732 salutis
429 1675 460 1732 in
473 1674 577 1732 virtarte
589 1686 737 1751 ponerent.

134 1751 190 1809 vl.
230 1753 319 1815 Quod
336 1753 407 1830 jussi
420 1764 497 1821 sunt,
519 1753 643 1824 faciunt3
675 1773 710 1811 ac
731 1754 826 1814 aubitb
841 1755 974 1812 omnibns
993 1758 1082 1831 portis

92 1831 243 1908 eruptione
270 1833 356 1900 factat,
380 1851 474 1908 neque
498 1833 693 1908 cognoscendi
715 1833 783 1908 quid
807 1833 897 1900 fieret,
921 1853 1014 1910 neque
1037 1836 1082 1892 sui

92 1910 258 1987 colligendi,
283 1911 411 1970 hostibus
435 1911 602 1971 facultatem
624 1912 796 1987 relinquunt.
838 1912 884 1969 Ita
907 1914 1082 1971 commutata

94 1988 216 2058 fortuna,
238 2009 297 2058 eos,
319 1991 369 2066 qui
390 1992 421 2048 in
442 2009 522 2066 spem
542 1991 740 2067 patiendorum
761 2001 918 2048 castrorum
934 2001 1080 2065 venerant,
1094 2000 1130 2054 20

93 2069 219 2144 undique
241 2069 452 2131 circumventos
472 2069 665 2141 interficiunt;
687 2081 767 2128 etex
787 2070 935 2133 hominum
955 2069 1082 2128 millibus

94 2147 216 2223 amplihs
249 2149 376 2224 triginta,
404 2167 489 2224 quem
521 2169 672 2208 numerum
705 2149 888 2218 barbarorum
923 2149 959 2208 ad
989 2161 1083 2208 castra

93 2227 205 2286 venisse
218 2229 378 2296 constabat,
392 2227 458 2304 plus
477 2228 561 2286 tertis
574 2239 654 2306 parte
667 2229 827 2298 interfecta,
842 2229 965 2306 reliquos
977 2241 1083 2306 perter-

93 2305 162 2364 ritos
182 2306 213 2362 in
227 2307 324 2382 fugam
344 2307 513 2384 conjiciunt,
529 2326 564 2365 ac
576 2327 614 2364 ne
628 2307 742 2380 inlotis
761 2309 877 2385 quidem
891 2309 1082 2385 superioribus

93 2384 251 2444 consistere
282 2387 436 2461 patiuntur.
493 2385 552 2454 Sic,
577 2387 709 2445 omnibus
736 2388 859 2446 hostium
884 2388 974 2464 copiis
1001 2389 1080 2458 fusis,
1094 2397 1130 2450 25

94 2464 238 2538 armisque
259 2465 361 2532 exutis,
382 2485 412 2524 se
428 2465 459 2522 in
482 2476 577 2523 castra
594 2467 823 2543 munitionesque
844 2487 910 2526 suas
929 2467 1080 2542 recipiunt.
1138 2493 1141 2498 Δ

92 2541 165 2606 Quo
175 2541 275 2618 praelio
283 2541 367 2610 facto,
378 2543 453 2619 qudd
466 2543 570 2620 sepius
578 2544 719 2604 fortunam
732 2553 842 2603 te'ntare
853 2546 946 2602 Galba
956 2545 1080 2612 nolebat,

93 2621 182 2696 atque
197 2620 253 2678 alio
265 2639 327 2678 sese
335 2621 365 2678 in
376 2623 502 2698 hyberna
511 2623 631 2682 consilio
639 2624 750 2682 venisse
764 2623 942 2688 meminerat,
958 2623 1021 2678 aliis
1033 2641 1082 2680 oc-

85 2699 218 2776 currisse
231 2699 316 2758 rebus
327 2700 445 2768 viderat,
454 2700 580 2759 maxime
592 2702 727 2759 frumenti
740 2697 971 2774 commeatusque
985 2699 1081 2777 inopia

92 2773 248 2856 perm‘otus,
262 2790 374 2855 postero
394 2779 442 2836 die
455 2779 588 2838 omnibus
607 2781 670 2857 ejus
683 2780 739 2838 vici
753 2778 882 2837 edificiis
900 2778 1035 2848 incensis,
1050 2779 1080 2838 in
1094 2787 1129 2842 30

92 2857 276 2916 Provinciam
290 2858 392 2916 reverti
406 2859 573 2916 contendit:
594 2879 639 2927 ac,
653 2859 732 2918 nullo
745 2861 825 2918 hoste
838 2858 1016 2936 prohibente,
1033 2871 1082 2918 aut

93 2937 146 2994 iter
168 2938 345 3005 demorante,
368 2937 542 2996 incolumem
555 2939 698 3014 legionem
719 2939 749 2996 in
770 2937 942 3010 Nantuates,
961 2937 1028 2996 inde
1049 2938 1080 2995 in

93 3016 266 3092 Allobrogas
279 3016 421 3092 perduxit,
436 3016 532 3093 ibique
545 3017 696 3093 hyemavit.

132 3093 201 3152 VII.
245 3095 302 3154 His
321 3095 406 3154 rebus
426 3096 524 3172 gestis,
548 3115 635 3172 quum
655 3098 789 3156 omnibus
808 3095 961 3170 decausis
982 3095 1080 3156 Cesar

92 3185 226 3249 pacatam
246 3174 372 3234 Galliam
391 3175 576 3248 existimaret,
591 3176 730 3252 superatis
750 3177 857 3253 Belgis,
871 3176 996 3253 expulsis
1009 3177 1081 3234 Ger·
1093 3183 1129 3238 ³5

93 3253 196 3320 manis,
217 3252 301 3310 victis
322 3253 353 3312 in
374 3254 498 3330 Alpibus
518 3255 652 3322 Sedunis,
668 3265 751 3332 atque
771 3256 812 3314 ita
836 3256 907 3313 inita
927 3257 1028 3331 hyeme
1049 3254 1079 3310 in

93 3329 242 3407 Illyricum
255 3332 398 3408 profectus
419 3343 503 3406 esset,
524 3332 601 3409 qttdd
615 3353 665 3392 eas
676 3355 788 3410 quoque
804 3335 934 3392 nationes
948 3331 1036 3398 adire,
1050 3341 1081 3389 et

92 3411 225 3486 regiones
233 3429 408 3488 cognoscere
416 3413 538 3485 volebat,
552 3413 677 3470 subitum
689 3414 794 3471 bellum
806 3414 835 3470 in
849 3409 942 3467 Gallia
950 3419 1080 3470 coortum
1107 3447 1108 3450 =

91 3499 146 3546 est.
185 3489 259 3566 Ejus
278 3489 346 3548 belli
366 3493 430 3549 hec
443 3492 496 3550 fuit
516 3511 620 3550 causa:
641 3491 674 3548 Ρ.
689 3493 810 3550 Crassus
833 3487 999 3546 adolescens
1013 3510 1081 3552 cum

92 3566 207 3642 legione
221 3569 341 3644 septima
353 3571 499 3647 proximus
511 3590 590 3636 mma
604 3571 757 3629 Oceanum
774 3570 804 3626 in
819 3567 953 3626 Andibus
966 3571 1087 3647 hyenae
1093 3578 1128 3633 40

91 3657 149 3703 rat.
190 3645 230 3714 Is,
250 3646 326 3723 qudd
340 3649 380 3707 'in
402 3649 447 3706 his
467 3650 538 3707 locis
558 3650 655 3726 inopia
676 3647 809 3707 frumenti
829 3657 899 3715 erat,
921 3652 1079 3725 prefectos,

91 3725 280 3798 tribunosque
291 3727 419 3790 militum
431 3729 590 3804 complures
604 3727 634 3786 in
648 3728 784 3786 finitimas
796 3726 926 3786 civitates
947 3728 1080 3786 frumenti

90 3803 327 3879 commeatusque
350 3807 468 3883 petendi
486 3809 573 3865 musa
597 3806 723 3864 dimisit:
753 3806 860 3880 quoin
881 3825 1000 3865 numero
1019 3816 1081 3885 erat

90 3881 128 3940 T.
157 3880 351 3951 Terrasidius,
374 3885 479 3943 missus
499 3885 530 3946 in
549 3885 681 3954 Unellos3
703 3883 744 3942 M.
769 3885 895 3943 Trebius
915 3883 1025 3950 Gallus,
1098 3899 1105 3909 ·

91 3959 299 4034 Coriosolitas3
320 3961 361 4028 Q.
376 3962 526 4032 Velanius,
541 3965 608 4022 ciam
622 3963 660 4021 Τ.
676 3963 757 4031 Silio,
771 3964 801 4021 in
815 3961 948 4020 Venetos.
