<?xml version="1.0" encoding="UTF-8"?>
<!DOCTYPE html PUBLIC "-//W3C//DTD XHTML 1.0 Transitional//EN"
    "http://www.w3.org/TR/xhtml1/DTD/xhtml1-transitional.dtd">
<html xmlns="http://www.w3.org/1999/xhtml" xml:lang="en" lang="en">
 <head>
  <title>
</title>
<meta http-equiv="Content-Type" content="text/html;charset=utf-8" />
  <meta name='ocr-system' content='tesseract 3.04.00' />
  <meta name='ocr-capabilities' content='ocr_page ocr_carea ocr_par ocr_line ocrx_word'/>
</head>
<body>
  <div class='ocr_page' id='page_1' title='image "./commentariidebe00levegoog_0106.png"; bbox 0 0 2564 4422; ppageno 0'>
   <div class='ocr_carea' id='block_1_1' title="bbox 410 327 1081 399">
    <p class='ocr_par' dir='ltr' id='par_1_1' title="bbox 410 327 1081 399">
     <span class='ocr_line' id='line_1_1' title="bbox 410 327 1081 399; baseline -0.001 -17"><span class='ocrx_word' id='word_1_1' title='bbox 410 327 679 383; x_wconf 82' lang='lat' dir='ltr'><strong>usensnxrus.</strong></span> <span class='ocrx_word' id='word_1_2' title='bbox 1041 339 1081 399; x_wconf 70' lang='lat'><strong>95</strong></span> 
     </span>
    </p>
   </div>
   <div class='ocr_carea' id='block_1_2' title="bbox 23 473 1138 3870">
    <p class='ocr_par' dir='ltr' id='par_1_2' title="bbox 23 473 1138 3870">
     <span class='ocr_line' id='line_1_2' title="bbox 34 473 1035 555; baseline 0 -18"><span class='ocrx_word' id='word_1_3' title='bbox 34 479 183 555; x_wconf 78' lang='lat' dir='ltr'><strong>paulisper</strong></span> <span class='ocrx_word' id='word_1_4' title='bbox 195 475 326 553; x_wconf 88' lang='lat' dir='ltr'><strong>equitum</strong></span> <span class='ocrx_word' id='word_1_5' title='bbox 339 485 502 534; x_wconf 89' lang='lat' dir='ltr'><strong>nostrorum</strong></span> <span class='ocrx_word' id='word_1_6' title='bbox 514 475 571 532; x_wconf 82' lang='lat' dir='ltr'><strong>vim</strong></span> <span class='ocrx_word' id='word_1_7' title='bbox 589 473 794 533; x_wconf 76' lang='lat' dir='ltr'><strong>smtinuerunt.</strong></span> <span class='ocrx_word' id='word_1_8' title='bbox 835 475 892 534; x_wconf 88' lang='lat' dir='ltr'><strong>His</strong></span> <span class='ocrx_word' id='word_1_9' title='bbox 904 496 1035 555; x_wconf 85' lang='lat' dir='ltr'><strong>pugnan-</strong></span> 
     </span>
     <span class='ocr_line' id='line_1_3' title="bbox 35 553 1034 632; baseline 0.001 -17"><span class='ocrx_word' id='word_1_10' title='bbox 35 555 127 626; x_wconf 84' lang='lat' dir='ltr'>tibus,</span> <span class='ocrx_word' id='word_1_11' title='bbox 143 557 221 614; x_wconf 89' lang='lat' dir='ltr'><strong>illurn</strong></span> <span class='ocrx_word' id='word_1_12' title='bbox 234 555 266 613; x_wconf 89' lang='lat' dir='ltr'><strong>in</strong></span> <span class='ocrx_word' id='word_1_13' title='bbox 279 573 387 630; x_wconf 87' lang='lat' dir='ltr'><strong>equum</strong></span> <span class='ocrx_word' id='word_1_14' title='bbox 400 553 516 629; x_wconf 90' lang='lat' dir='ltr'><strong>quidam</strong></span> <span class='ocrx_word' id='word_1_15' title='bbox 527 572 565 610; x_wconf 86' lang='lat' dir='ltr'><strong>ex</strong></span> <span class='ocrx_word' id='word_1_16' title='bbox 573 553 633 610; x_wconf 80' lang='lat' dir='ltr'><strong>ruis</strong></span> <span class='ocrx_word' id='word_1_17' title='bbox 644 553 755 612; x_wconf 89' lang='lat' dir='ltr'><strong>intulit:</strong></span> <span class='ocrx_word' id='word_1_18' title='bbox 777 554 935 632; x_wconf 77' lang='lat' dir='ltr'><strong>fugientem</strong></span> <span class='ocrx_word' id='word_1_19' title='bbox 948 558 1034 632; x_wconf 75' lang='lat' dir='ltr'><strong>sylvae</strong></span> 
     </span>
     <span class='ocr_line' id='line_1_4' title="bbox 35 626 1032 708; baseline 0.001 -14"><span class='ocrx_word' id='word_1_20' title='bbox 35 633 181 694; x_wconf 78' lang='lat' dir='ltr'><strong>texerunt.</strong></span> <span class='ocrx_word' id='word_1_21' title='bbox 222 635 274 692; x_wconf 86' lang='lat' dir='ltr'><strong>Sic</strong></span> <span class='ocrx_word' id='word_1_22' title='bbox 287 644 318 691; x_wconf 86' lang='lat' dir='ltr'><strong>et</strong></span> <span class='ocrx_word' id='word_1_23' title='bbox 337 635 374 691; x_wconf 83' lang='lat' dir='ltr'><strong>ad</strong></span> <span class='ocrx_word' id='word_1_24' title='bbox 388 626 568 690; x_wconf 86' lang='lat' dir='ltr'><strong>subeundum</strong></span> <span class='ocrx_word' id='word_1_25' title='bbox 586 632 757 708; x_wconf 88' lang='lat' dir='ltr'><strong>periculum,</strong></span> <span class='ocrx_word' id='word_1_26' title='bbox 770 644 800 690; x_wconf 89' lang='lat' dir='ltr'><strong>et</strong></span> <span class='ocrx_word' id='word_1_27' title='bbox 820 635 1032 706; x_wconf 75' lang='lat' dir='ltr'><strong>adnitendum,</strong></span> 
     </span>
     <span class='ocr_line' id='line_1_5' title="bbox 36 712 1038 773; baseline -0.006 -1"><span class='ocrx_word' id='word_1_28' title='bbox 36 714 162 773; x_wconf 78' lang='lat' dir='ltr'><strong>multiun</strong></span> <span class='ocrx_word' id='word_1_29' title='bbox 176 715 290 772; x_wconf 88' lang='lat' dir='ltr'><strong>fortuna</strong></span> <span class='ocrx_word' id='word_1_30' title='bbox 303 712 402 770; x_wconf 79' lang='lat' dir='ltr'><strong>valuit.</strong></span> <span class='ocrx_word' id='word_1_31' title='bbox 572 737 576 744; x_wconf 91' lang='lat'>·</span> <span class='ocrx_word' id='word_1_32' title='bbox 990 721 1038 746; x_wconf 51' lang='grc' dir='ltr'><strong>’ν</strong></span> 
     </span>
     <span class='ocr_line' id='line_1_6' title="bbox 47 789 1082 870; baseline -0.002 -18"><span class='ocrx_word' id='word_1_33' title='bbox 47 851 52 858; x_wconf 88' lang='grc'>,</span> <span class='ocrx_word' id='word_1_34' title='bbox 76 789 196 852; x_wconf 84' lang='lat' dir='ltr'>XXXI.</span> <span class='ocrx_word' id='word_1_35' title='bbox 238 791 392 850; x_wconf 81' lang='lat' dir='ltr'><strong>Ambiorix</strong></span> <span class='ocrx_word' id='word_1_36' title='bbox 413 789 511 866; x_wconf 88' lang='lat' dir='ltr'><strong>copias</strong></span> <span class='ocrx_word' id='word_1_37' title='bbox 531 807 598 847; x_wconf 87' lang='lat' dir='ltr'><strong>suas</strong></span> <span class='ocrx_word' id='word_1_38' title='bbox 613 789 761 866; x_wconf 89' lang='lat' dir='ltr'><strong>judicione</strong></span> <span class='ocrx_word' id='word_1_39' title='bbox 774 809 832 848; x_wconf 94' lang='lat' dir='ltr'><strong>non</strong></span> <span class='ocrx_word' id='word_1_40' title='bbox 853 793 1032 870; x_wconf 79' lang='lat' dir='ltr'><strong>conduxerit,</strong></span> <span class='ocrx_word' id='word_1_41' title='bbox 1063 801 1082 856; x_wconf 79' lang='grc'><strong>5</strong></span> 
     </span>
     <span class='ocr_line' id='line_1_7' title="bbox 37 868 1033 949; baseline -0.001 -19"><span class='ocrx_word' id='word_1_42' title='bbox 37 870 113 948; x_wconf 80' lang='lat' dir='ltr'><strong>qudd</strong></span> <span class='ocrx_word' id='word_1_43' title='bbox 126 872 229 949; x_wconf 84' lang='lat' dir='ltr'><strong>prrelio</strong></span> <span class='ocrx_word' id='word_1_44' title='bbox 236 871 434 929; x_wconf 85' lang='lat' dir='ltr'><strong>dimicandum</strong></span> <span class='ocrx_word' id='word_1_45' title='bbox 443 887 501 927; x_wconf 91' lang='lat' dir='ltr'><strong>non</strong></span> <span class='ocrx_word' id='word_1_46' title='bbox 511 868 690 936; x_wconf 81' lang='lat' dir='ltr'><strong>existimririt,</strong></span> <span class='ocrx_word' id='word_1_47' title='bbox 702 887 739 927; x_wconf 89' lang='lat' dir='ltr'><strong>an</strong></span> <span class='ocrx_word' id='word_1_48' title='bbox 753 879 879 947; x_wconf 88' lang='lat' dir='ltr'><strong>tempore</strong></span> <span class='ocrx_word' id='word_1_49' title='bbox 889 873 1033 940; x_wconf 86' lang='lat' dir='ltr'><strong>exclusus,</strong></span> 
     </span>
     <span class='ocr_line' id='line_1_8' title="bbox 38 947 1034 1028; baseline 0 -20"><span class='ocrx_word' id='word_1_50' title='bbox 38 961 66 1008; x_wconf 93' lang='lat' dir='ltr'><strong>et</strong></span> <span class='ocrx_word' id='word_1_51' title='bbox 76 951 232 1028; x_wconf 87' lang='lat' dir='ltr'><strong>repentino</strong></span> <span class='ocrx_word' id='word_1_52' title='bbox 238 950 365 1025; x_wconf 87' lang='lat' dir='ltr'><strong>equitum</strong></span> <span class='ocrx_word' id='word_1_53' title='bbox 379 947 504 1020; x_wconf 81' lang='lat' dir='ltr'><strong>advemu</strong></span> <span class='ocrx_word' id='word_1_54' title='bbox 514 947 674 1023; x_wconf 86' lang='lat' dir='ltr'><strong>prohibitus</strong></span> <span class='ocrx_word' id='word_1_55' title='bbox 688 948 782 1017; x_wconf 80' lang='lat' dir='ltr'><strong>tuerit,</strong></span> <span class='ocrx_word' id='word_1_56' title='bbox 793 967 881 1024; x_wconf 91' lang='lat' dir='ltr'><strong>quum</strong></span> <span class='ocrx_word' id='word_1_57' title='bbox 894 951 1034 1027; x_wconf 87' lang='lat' dir='ltr'><strong>reliquum</strong></span> 
     </span>
     <span class='ocr_line' id='line_1_9' title="bbox 38 1026 1034 1103; baseline 0.002 -17"><span class='ocrx_word' id='word_1_58' title='bbox 38 1030 201 1088; x_wconf 84' lang='lat' dir='ltr'><strong>exercitum</strong></span> <span class='ocrx_word' id='word_1_59' title='bbox 222 1029 354 1103; x_wconf 76' lang='lat' dir='ltr'>subsequi</span> <span class='ocrx_word' id='word_1_60' title='bbox 376 1028 517 1094; x_wconf 89' lang='lat' dir='ltr'><strong>crederet,</strong></span> <span class='ocrx_word' id='word_1_61' title='bbox 541 1026 662 1084; x_wconf 89' lang='lat' dir='ltr'><strong>dubium</strong></span> <span class='ocrx_word' id='word_1_62' title='bbox 682 1036 741 1084; x_wconf 88' lang='lat' dir='ltr'><strong>est:</strong></span> <span class='ocrx_word' id='word_1_63' title='bbox 772 1030 823 1086; x_wconf 88' lang='lat' dir='ltr'><strong>sed</strong></span> <span class='ocrx_word' id='word_1_64' title='bbox 846 1029 936 1098; x_wconf 73' lang='lat' dir='ltr'><strong>certe,</strong></span> <span class='ocrx_word' id='word_1_65' title='bbox 958 1029 1034 1088; x_wconf 76' lang='lat' dir='ltr'><strong>ollm</strong></span> 
     </span>
     <span class='ocr_line' id='line_1_10' title="bbox 38 1105 1033 1186; baseline 0.003 -22"><span class='ocrx_word' id='word_1_66' title='bbox 38 1107 170 1165; x_wconf 80' lang='lat' dir='ltr'>dimissis</span> <span class='ocrx_word' id='word_1_67' title='bbox 192 1125 244 1183; x_wconf 89' lang='lat' dir='ltr'><strong>per</strong></span> <span class='ocrx_word' id='word_1_68' title='bbox 268 1126 350 1184; x_wconf 87' lang='lat' dir='ltr'><strong>agros</strong></span> <span class='ocrx_word' id='word_1_69' title='bbox 369 1106 493 1173; x_wconf 89' lang='lat' dir='ltr'><strong>nunciis,</strong></span> <span class='ocrx_word' id='word_1_70' title='bbox 519 1105 574 1162; x_wconf 90' lang='lat' dir='ltr'><strong>sibi</strong></span> <span class='ocrx_word' id='word_1_71' title='bbox 597 1123 738 1180; x_wconf 77' lang='lat' dir='ltr'>quemque</span> <span class='ocrx_word' id='word_1_72' title='bbox 762 1107 911 1166; x_wconf 79' lang='lat' dir='ltr'><strong>considere</strong></span> <span class='ocrx_word' id='word_1_73' title='bbox 932 1109 1033 1186; x_wconf 75' lang='lat' dir='ltr'><strong>jussit:</strong></span> 
     </span>
     <span class='ocr_line' id='line_1_11' title="bbox 37 1184 1081 1262; baseline 0.005 -19"><span class='ocrx_word' id='word_1_74' title='bbox 37 1205 166 1261; x_wconf 91' lang='lat' dir='ltr'><strong>quorum</strong></span> <span class='ocrx_word' id='word_1_75' title='bbox 199 1204 266 1262; x_wconf 86' lang='lat' dir='ltr'><strong>pars</strong></span> <span class='ocrx_word' id='word_1_76' title='bbox 292 1185 322 1242; x_wconf 90' lang='lat' dir='ltr'><strong>iu</strong></span> <span class='ocrx_word' id='word_1_77' title='bbox 346 1187 533 1244; x_wconf 73' lang='lat' dir='ltr'><strong>Arduennam</strong></span> <span class='ocrx_word' id='word_1_78' title='bbox 559 1184 677 1258; x_wconf 80' lang='lat' dir='ltr'>sylvam,</span> <span class='ocrx_word' id='word_1_79' title='bbox 703 1201 770 1260; x_wconf 84' lang='lat' dir='ltr'><strong>pars</strong></span> <span class='ocrx_word' id='word_1_80' title='bbox 795 1185 825 1242; x_wconf 91' lang='lat' dir='ltr'><strong>in</strong></span> <span class='ocrx_word' id='word_1_81' title='bbox 853 1188 1034 1246; x_wconf 75' lang='lat' dir='ltr'><strong>continentes</strong></span> <span class='ocrx_word' id='word_1_82' title='bbox 1047 1195 1081 1249; x_wconf 83' lang='lat'><strong>1⁰</strong></span> 
     </span>
     <span class='ocr_line' id='line_1_12' title="bbox 37 1263 1033 1342; baseline 0.003 -20"><span class='ocrx_word' id='word_1_83' title='bbox 37 1265 163 1342; x_wconf 87' lang='lat' dir='ltr'><strong>paludes</strong></span> <span class='ocrx_word' id='word_1_84' title='bbox 183 1264 308 1340; x_wconf 75' lang='lat' dir='ltr'><strong>prodigit</strong></span> <span class='ocrx_word' id='word_1_85' title='bbox 319 1284 327 1334; x_wconf 90' lang='lat'>;</span> <span class='ocrx_word' id='word_1_86' title='bbox 347 1264 394 1340; x_wconf 89' lang='lat' dir='ltr'><strong>qui</strong></span> <span class='ocrx_word' id='word_1_87' title='bbox 414 1263 534 1341; x_wconf 78' lang='lat' dir='ltr'><strong>proxImi</strong></span> <span class='ocrx_word' id='word_1_88' title='bbox 557 1263 711 1330; x_wconf 81' lang='lat' dir='ltr'><strong>Oceanum</strong></span> <span class='ocrx_word' id='word_1_89' title='bbox 728 1263 853 1332; x_wconf 88' lang='lat' dir='ltr'><strong>fuerunt,</strong></span> <span class='ocrx_word' id='word_1_90' title='bbox 868 1265 913 1323; x_wconf 88' lang='lat' dir='ltr'><strong>bis</strong></span> <span class='ocrx_word' id='word_1_91' title='bbox 933 1267 1033 1325; x_wconf 87' lang='lat' dir='ltr'><strong>iusulis</strong></span> 
     </span>
     <span class='ocr_line' id='line_1_13' title="bbox 38 1341 1034 1418; baseline 0.002 -16"><span class='ocrx_word' id='word_1_92' title='bbox 38 1363 102 1402; x_wconf 89' lang='lat' dir='ltr'><strong>sese</strong></span> <span class='ocrx_word' id='word_1_93' title='bbox 115 1343 346 1410; x_wconf 79' lang='lat' dir='ltr'><strong>occultaverunt,</strong></span> <span class='ocrx_word' id='word_1_94' title='bbox 360 1362 430 1418; x_wconf 85' lang='lat' dir='ltr'><strong>quas</strong></span> <span class='ocrx_word' id='word_1_95' title='bbox 443 1355 529 1400; x_wconf 78' lang='lat' dir='ltr'><strong>estus</strong></span> <span class='ocrx_word' id='word_1_96' title='bbox 542 1341 656 1400; x_wconf 88' lang='lat' dir='ltr'><strong>efficere</strong></span> <span class='ocrx_word' id='word_1_97' title='bbox 674 1344 869 1402; x_wconf 74' lang='lat' dir='ltr'><strong>consuerunt:</strong></span> <span class='ocrx_word' id='word_1_98' title='bbox 891 1345 983 1414; x_wconf 83' lang='lat' dir='ltr'><strong>multI,</strong></span> <span class='ocrx_word' id='word_1_99' title='bbox 997 1365 1034 1404; x_wconf 83' lang='lat' dir='ltr'><strong>ex</strong></span> 
     </span>
     <span class='ocr_line' id='line_1_14' title="bbox 40 1420 1122 1498; baseline 0.004 -18"><span class='ocrx_word' id='word_1_100' title='bbox 40 1424 99 1481; x_wconf 88' lang='lat' dir='ltr'><strong>suis</strong></span> <span class='ocrx_word' id='word_1_101' title='bbox 111 1423 221 1480; x_wconf 87' lang='lat' dir='ltr'><strong>finibus</strong></span> <span class='ocrx_word' id='word_1_102' title='bbox 232 1422 352 1498; x_wconf 79' lang='lat' dir='ltr'><strong>egressi,</strong></span> <span class='ocrx_word' id='word_1_103' title='bbox 366 1442 397 1480; x_wconf 89' lang='lat' dir='ltr'><strong>se</strong></span> <span class='ocrx_word' id='word_1_104' title='bbox 411 1440 519 1497; x_wconf 89' lang='lat' dir='ltr'><strong>suaque</strong></span> <span class='ocrx_word' id='word_1_105' title='bbox 534 1420 633 1479; x_wconf 81' lang='lat' dir='ltr'><strong>omnia</strong></span> <span class='ocrx_word' id='word_1_106' title='bbox 646 1421 826 1480; x_wconf 81' lang='lat' dir='ltr'><strong>alienissimis</strong></span> <span class='ocrx_word' id='word_1_107' title='bbox 839 1424 1033 1484; x_wconf 85' lang='lat' dir='ltr'><strong>crediderunt.</strong></span> <span class='ocrx_word' id='word_1_108' title='bbox 1116 1453 1122 1465; x_wconf 90' lang='lat'><strong>·</strong></span> 
     </span>
     <span class='ocr_line' id='line_1_15' title="bbox 41 1499 1033 1578; baseline 0.005 -20"><span class='ocrx_word' id='word_1_109' title='bbox 41 1502 217 1570; x_wconf 88' lang='lat' dir='ltr'><strong>Cativolcus,</strong></span> <span class='ocrx_word' id='word_1_110' title='bbox 244 1520 296 1561; x_wconf 84' lang='lat' dir='ltr'><strong>rex</strong></span> <span class='ocrx_word' id='word_1_111' title='bbox 320 1502 447 1559; x_wconf 75' lang='lat' dir='ltr'><strong>dimidie</strong></span> <span class='ocrx_word' id='word_1_112' title='bbox 474 1500 563 1577; x_wconf 87' lang='lat' dir='ltr'><strong>partis</strong></span> <span class='ocrx_word' id='word_1_113' title='bbox 595 1499 772 1570; x_wconf 88' lang='lat' dir='ltr'><strong>Eburonum,</strong></span> <span class='ocrx_word' id='word_1_114' title='bbox 799 1503 848 1578; x_wconf 92' lang='lat' dir='ltr'><strong>qui</strong></span> <span class='ocrx_word' id='word_1_115' title='bbox 876 1503 935 1563; x_wconf 83' lang='lat' dir='ltr'><strong>und</strong></span> <span class='ocrx_word' id='word_1_116' title='bbox 966 1523 1033 1562; x_wconf 89' lang='lat' dir='ltr'><strong>curn</strong></span> 
     </span>
     <span class='ocr_line' id='line_1_16' title="bbox 40 1579 1082 1659; baseline 0.006 -21"><span class='ocrx_word' id='word_1_117' title='bbox 40 1581 214 1656; x_wconf 81' lang='lat' dir='ltr'><strong>Ambiorige</strong></span> <span class='ocrx_word' id='word_1_118' title='bbox 241 1580 390 1638; x_wconf 85' lang='lat' dir='ltr'><strong>consilium</strong></span> <span class='ocrx_word' id='word_1_119' title='bbox 418 1580 532 1647; x_wconf 82' lang='lat' dir='ltr'><strong>iuIerat,</strong></span> <span class='ocrx_word' id='word_1_120' title='bbox 561 1589 643 1637; x_wconf 82' lang='lat' dir='ltr'><strong>aetate</strong></span> <span class='ocrx_word' id='word_1_121' title='bbox 669 1579 728 1654; x_wconf 86' lang='lat' dir='ltr'><strong>jam</strong></span> <span class='ocrx_word' id='word_1_122' title='bbox 762 1583 918 1655; x_wconf 88' lang='lat' dir='ltr'><strong>confectus,</strong></span> <span class='ocrx_word' id='word_1_123' title='bbox 946 1603 1033 1659; x_wconf 92' lang='lat' dir='ltr'><strong>quum</strong></span> <span class='ocrx_word' id='word_1_124' title='bbox 1048 1591 1082 1646; x_wconf 80' lang='lat'><strong>15</strong></span> 
     </span>
     <span class='ocr_line' id='line_1_17' title="bbox 40 1658 1034 1736; baseline 0.005 -21"><span class='ocrx_word' id='word_1_125' title='bbox 40 1660 172 1720; x_wconf 88' lang='lat' dir='ltr'><strong>laborem</strong></span> <span class='ocrx_word' id='word_1_126' title='bbox 186 1658 314 1716; x_wconf 82' lang='lat' dir='ltr'><strong>autbelli</strong></span> <span class='ocrx_word' id='word_1_127' title='bbox 327 1670 373 1718; x_wconf 92' lang='lat' dir='ltr'><strong>aut</strong></span> <span class='ocrx_word' id='word_1_128' title='bbox 388 1659 464 1736; x_wconf 77' lang='lat' dir='ltr'><strong>fugae</strong></span> <span class='ocrx_word' id='word_1_129' title='bbox 478 1659 551 1716; x_wconf 85' lang='lat' dir='ltr'><strong>ferre</strong></span> <span class='ocrx_word' id='word_1_130' title='bbox 564 1677 623 1717; x_wconf 92' lang='lat' dir='ltr'><strong>non</strong></span> <span class='ocrx_word' id='word_1_131' title='bbox 636 1668 740 1734; x_wconf 86' lang='lat' dir='ltr'><strong>posset,</strong></span> <span class='ocrx_word' id='word_1_132' title='bbox 754 1660 888 1717; x_wconf 89' lang='lat' dir='ltr'><strong>omnibus</strong></span> <span class='ocrx_word' id='word_1_133' title='bbox 900 1663 1034 1736; x_wconf 81' lang='lat' dir='ltr'><strong>precibus</strong></span> 
     </span>
     <span class='ocr_line' id='line_1_18' title="bbox 40 1735 1032 1814; baseline 0.002 -19"><span class='ocrx_word' id='word_1_134' title='bbox 40 1735 204 1797; x_wconf 87' lang='lat' dir='ltr'><strong>detestatus</strong></span> <span class='ocrx_word' id='word_1_135' title='bbox 216 1738 421 1814; x_wconf 80' lang='lat' dir='ltr'><strong>Ambiorigem,</strong></span> <span class='ocrx_word' id='word_1_136' title='bbox 435 1738 485 1813; x_wconf 90' lang='lat' dir='ltr'><strong>qui</strong></span> <span class='ocrx_word' id='word_1_137' title='bbox 505 1737 567 1813; x_wconf 87' lang='lat' dir='ltr'><strong>ejus</strong></span> <span class='ocrx_word' id='word_1_138' title='bbox 587 1737 701 1795; x_wconf 86' lang='lat' dir='ltr'><strong>consilii</strong></span> <span class='ocrx_word' id='word_1_139' title='bbox 716 1748 814 1796; x_wconf 90' lang='lat' dir='ltr'><strong>auctor</strong></span> <span class='ocrx_word' id='word_1_140' title='bbox 834 1738 943 1806; x_wconf 87' lang='lat' dir='ltr'><strong>fuisset,</strong></span> <span class='ocrx_word' id='word_1_141' title='bbox 956 1751 1032 1808; x_wconf 88' lang='lat' dir='ltr'><strong>taxo,</strong></span> 
     </span>
     <span class='ocr_line' id='line_1_19' title="bbox 41 1816 1032 1894; baseline -0.001 -20"><span class='ocrx_word' id='word_1_142' title='bbox 41 1818 123 1894; x_wconf 85' lang='lat' dir='ltr'><strong>cujus</strong></span> <span class='ocrx_word' id='word_1_143' title='bbox 137 1835 250 1894; x_wconf 85' lang='lat' dir='ltr'><strong>magna</strong></span> <span class='ocrx_word' id='word_1_144' title='bbox 264 1817 293 1874; x_wconf 91' lang='lat' dir='ltr'><strong>iu</strong></span> <span class='ocrx_word' id='word_1_145' title='bbox 306 1817 402 1876; x_wconf 76' lang='lat' dir='ltr'><strong>Gellii</strong></span> <span class='ocrx_word' id='word_1_146' title='bbox 415 1817 628 1892; x_wconf 76' lang='lat' dir='ltr'><strong>Germanidque</strong></span> <span class='ocrx_word' id='word_1_147' title='bbox 642 1816 726 1892; x_wconf 80' lang='lat' dir='ltr'><strong>copIa</strong></span> <span class='ocrx_word' id='word_1_148' title='bbox 739 1827 791 1884; x_wconf 91' lang='lat' dir='ltr'><strong>est,</strong></span> <span class='ocrx_word' id='word_1_149' title='bbox 806 1835 836 1873; x_wconf 90' lang='lat' dir='ltr'><strong>se</strong></span> <span class='ocrx_word' id='word_1_150' title='bbox 850 1817 1032 1875; x_wconf 83' lang='lat' dir='ltr'><strong>exanimavit.</strong></span> 
     </span>
     <span class='ocr_line' id='line_1_20' title="bbox 80 1895 1034 1972; baseline -0.001 -18"><span class='ocrx_word' id='word_1_151' title='bbox 80 1895 216 1956; x_wconf 80' lang='lat' dir='ltr'>XXXII.</span> <span class='ocrx_word' id='word_1_152' title='bbox 259 1896 349 1972; x_wconf 82' lang='lat' dir='ltr'><strong>Segni</strong></span> <span class='ocrx_word' id='word_1_153' title='bbox 372 1895 583 1972; x_wconf 83' lang='lat' dir='ltr'><strong>Condrusique,</strong></span> <span class='ocrx_word' id='word_1_154' title='bbox 606 1915 643 1953; x_wconf 82' lang='lat' dir='ltr'><strong>en</strong></span> <span class='ocrx_word' id='word_1_155' title='bbox 663 1906 750 1972; x_wconf 84' lang='lat' dir='ltr'><strong>geute</strong></span> <span class='ocrx_word' id='word_1_156' title='bbox 773 1906 802 1954; x_wconf 90' lang='lat' dir='ltr'><strong>et</strong></span> <span class='ocrx_word' id='word_1_157' title='bbox 822 1914 941 1956; x_wconf 88' lang='lat' dir='ltr'><strong>numero</strong></span> <span class='ocrx_word' id='word_1_158' title='bbox 960 1898 1034 1954; x_wconf 85' lang='lat' dir='ltr'><strong>Ger·</strong></span> 
     </span>
     <span class='ocr_line' id='line_1_21' title="bbox 43 1973 1082 2051; baseline 0.001 -17"><span class='ocrx_word' id='word_1_159' title='bbox 43 1993 192 2034; x_wconf 88' lang='lat' dir='ltr'><strong>manorum</strong></span> <span class='ocrx_word' id='word_1_160' title='bbox 211 1975 262 2050; x_wconf 90' lang='lat' dir='ltr'><strong>qui</strong></span> <span class='ocrx_word' id='word_1_161' title='bbox 286 1987 353 2033; x_wconf 87' lang='lat' dir='ltr'><strong>suut</strong></span> <span class='ocrx_word' id='word_1_162' title='bbox 376 1975 451 2033; x_wconf 89' lang='lat' dir='ltr'><strong>inter</strong></span> <span class='ocrx_word' id='word_1_163' title='bbox 475 1975 625 2033; x_wconf 87' lang='lat' dir='ltr'><strong>Eburones</strong></span> <span class='ocrx_word' id='word_1_164' title='bbox 647 1973 846 2051; x_wconf 86' lang='lat' dir='ltr'><strong>Trevirosque‚</strong></span> <span class='ocrx_word' id='word_1_165' title='bbox 867 1975 976 2051; x_wconf 84' lang='lat' dir='ltr'><strong>legatos</strong></span> <span class='ocrx_word' id='word_1_166' title='bbox 997 1976 1033 2034; x_wconf 82' lang='lat' dir='ltr'><strong>ad</strong></span> <span class='ocrx_word' id='word_1_167' title='bbox 1046 1980 1082 2035; x_wconf 75' lang='lat'><strong>20</strong></span> 
     </span>
     <span class='ocr_line' id='line_1_22' title="bbox 44 2053 1034 2124; baseline 0.002 -13"><span class='ocrx_word' id='word_1_168' title='bbox 44 2055 186 2112; x_wconf 72' lang='lat' dir='ltr'><strong>cesarem</strong></span> <span class='ocrx_word' id='word_1_169' title='bbox 195 2054 338 2112; x_wconf 87' lang='lat' dir='ltr'><strong>miseruut</strong></span> <span class='ocrx_word' id='word_1_170' title='bbox 347 2064 469 2122; x_wconf 84' lang='lat' dir='ltr'><strong>oratum,</strong></span> <span class='ocrx_word' id='word_1_171' title='bbox 482 2053 547 2112; x_wconf 87' lang='lat' dir='ltr'><strong>‘Ne</strong></span> <span class='ocrx_word' id='word_1_172' title='bbox 557 2073 588 2110; x_wconf 91' lang='lat' dir='ltr'><strong>se</strong></span> <span class='ocrx_word' id='word_1_173' title='bbox 603 2053 633 2110; x_wconf 92' lang='lat' dir='ltr'><strong>in</strong></span> <span class='ocrx_word' id='word_1_174' title='bbox 643 2053 768 2111; x_wconf 88' lang='lat' dir='ltr'><strong>hostium</strong></span> <span class='ocrx_word' id='word_1_175' title='bbox 776 2073 895 2113; x_wconf 83' lang='lat' dir='ltr'><strong>numero</strong></span> <span class='ocrx_word' id='word_1_176' title='bbox 906 2056 1034 2124; x_wconf 91' lang='lat' dir='ltr'><strong>duceret,</strong></span> 
     </span>
     <span class='ocr_line' id='line_1_23' title="bbox 43 2122 1036 2220; baseline 0.003 -29"><span class='ocrx_word' id='word_1_177' title='bbox 43 2153 113 2192; x_wconf 84' lang='lat' dir='ltr'><strong>neve</strong></span> <span class='ocrx_word' id='word_1_178' title='bbox 125 2134 255 2192; x_wconf 87' lang='lat' dir='ltr'><strong>omnium</strong></span> <span class='ocrx_word' id='word_1_179' title='bbox 273 2135 494 2220; x_wconf 75' lang='lat' dir='ltr'><strong>Germanprum,</strong></span> <span class='ocrx_word' id='word_1_180' title='bbox 508 2133 674 2208; x_wconf 84' lang='lat' dir='ltr'><strong>quiessent</strong></span> <span class='ocrx_word' id='word_1_181' title='bbox 692 2133 767 2192; x_wconf 84' lang='lat' dir='ltr'><strong>citra</strong></span> <span class='ocrx_word' id='word_1_182' title='bbox 785 2134 933 2209; x_wconf 86' lang='lat' dir='ltr'><strong>Rhenum,</strong></span> <span class='ocrx_word' id='word_1_183' title='bbox 947 2122 1036 2194; x_wconf 89' lang='lat' dir='ltr'><strong>uriam</strong></span> 
     </span>
     <span class='ocr_line' id='line_1_24' title="bbox 45 2211 1037 2290; baseline 0.005 -22"><span class='ocrx_word' id='word_1_184' title='bbox 45 2231 105 2270; x_wconf 87' lang='lat' dir='ltr'><strong>esse</strong></span> <span class='ocrx_word' id='word_1_185' title='bbox 130 2231 250 2278; x_wconf 83' lang='lat' dir='ltr'><strong>causam</strong></span> <span class='ocrx_word' id='word_1_186' title='bbox 273 2211 436 2288; x_wconf 77' lang='lat' dir='ltr'><strong>judicaret:</strong></span> <span class='ocrx_word' id='word_1_187' title='bbox 470 2212 542 2270; x_wconf 92' lang='lat' dir='ltr'><strong>nihil</strong></span> <span class='ocrx_word' id='word_1_188' title='bbox 566 2231 597 2269; x_wconf 86' lang='lat' dir='ltr'><strong>sc</strong></span> <span class='ocrx_word' id='word_1_189' title='bbox 621 2213 657 2270; x_wconf 94' lang='lat' dir='ltr'><strong>de</strong></span> <span class='ocrx_word' id='word_1_190' title='bbox 681 2213 756 2271; x_wconf 90' lang='lat' dir='ltr'><strong>bello</strong></span> <span class='ocrx_word' id='word_1_191' title='bbox 776 2214 929 2290; x_wconf 76' lang='lat' dir='ltr'><strong>cogitdsse,</strong></span> <span class='ocrx_word' id='word_1_192' title='bbox 957 2215 1037 2274; x_wconf 89' lang='lat' dir='ltr'><strong>nulla</strong></span> 
     </span>
     <span class='ocr_line' id='line_1_25' title="bbox 46 2290 1034 2368; baseline 0.005 -20"><span class='ocrx_word' id='word_1_193' title='bbox 46 2291 215 2368; x_wconf 89' lang='lat' dir='ltr'><strong>Ambiorigi·</strong></span> <span class='ocrx_word' id='word_1_194' title='bbox 229 2290 338 2349; x_wconf 83' lang='lat' dir='ltr'><strong>auxilia</strong></span> <span class='ocrx_word' id='word_1_195' title='bbox 357 2291 488 2348; x_wconf 65' lang='lat' dir='ltr'><strong>misisse)</strong></span> <span class='ocrx_word' id='word_1_196' title='bbox 530 2291 638 2358; x_wconf 77' lang='lat' dir='ltr'><strong>cesar,</strong></span> <span class='ocrx_word' id='word_1_197' title='bbox 659 2293 805 2368; x_wconf 75' lang='lat' dir='ltr'><strong>explorati</strong></span> <span class='ocrx_word' id='word_1_198' title='bbox 825 2313 856 2350; x_wconf 91' lang='lat' dir='ltr'><strong>re</strong></span> <span class='ocrx_word' id='word_1_199' title='bbox 879 2295 1034 2368; x_wconf 74' lang='lat' dir='ltr'><strong>questione</strong></span> 
     </span>
     <span class='ocr_line' id='line_1_26' title="bbox 47 2365 1083 2447; baseline 0.003 -19"><span class='ocrx_word' id='word_1_200' title='bbox 47 2371 229 2446; x_wconf 85' lang='lat' dir='ltr'><strong>captivorum,</strong></span> <span class='ocrx_word' id='word_1_201' title='bbox 251 2371 275 2428; x_wconf 87' lang='lat' dir='ltr'><strong>si</strong></span> <span class='ocrx_word' id='word_1_202' title='bbox 288 2371 337 2446; x_wconf 93' lang='lat' dir='ltr'><strong>qui</strong></span> <span class='ocrx_word' id='word_1_203' title='bbox 359 2371 396 2428; x_wconf 90' lang='lat' dir='ltr'><strong>ad</strong></span> <span class='ocrx_word' id='word_1_204' title='bbox 409 2389 458 2429; x_wconf 88' lang='lat' dir='ltr'><strong>eos</strong></span> <span class='ocrx_word' id='word_1_205' title='bbox 472 2370 623 2427; x_wconf 83' lang='lat' dir='ltr'><strong>Ebumnes</strong></span> <span class='ocrx_word' id='word_1_206' title='bbox 642 2389 679 2428; x_wconf 87' lang='lat' dir='ltr'><strong>ex</strong></span> <span class='ocrx_word' id='word_1_207' title='bbox 693 2371 761 2447; x_wconf 72' lang='lat' dir='ltr'><strong>fugai</strong></span> <span class='ocrx_word' id='word_1_208' title='bbox 779 2373 988 2442; x_wconf 88' lang='lat' dir='ltr'><strong>convenissent,</strong></span> <span class='ocrx_word' id='word_1_209' title='bbox 1004 2386 1035 2431; x_wconf 92' lang='lat' dir='ltr'><strong>ut</strong></span> <span class='ocrx_word' id='word_1_210' title='bbox 1047 2365 1083 2432; x_wconf 60' lang='lat'><strong>95</strong></span> 
     </span>
     <span class='ocr_line' id='line_1_27' title="bbox 48 2449 1035 2526; baseline 0.004 -20"><span class='ocrx_word' id='word_1_211' title='bbox 48 2451 81 2506; x_wconf 86' lang='lat' dir='ltr'><strong>ad</strong></span> <span class='ocrx_word' id='word_1_212' title='bbox 95 2469 124 2508; x_wconf 90' lang='lat' dir='ltr'><strong>se</strong></span> <span class='ocrx_word' id='word_1_213' title='bbox 138 2450 354 2517; x_wconf 75' lang='lat' dir='ltr'><strong>reducerentur,</strong></span> <span class='ocrx_word' id='word_1_214' title='bbox 369 2449 534 2526; x_wconf 84' lang='lat' dir='ltr'><strong>imperarit:</strong></span> <span class='ocrx_word' id='word_1_215' title='bbox 555 2449 579 2505; x_wconf 90' lang='lat' dir='ltr'><strong>si</strong></span> <span class='ocrx_word' id='word_1_216' title='bbox 594 2449 634 2507; x_wconf 90' lang='lat' dir='ltr'><strong>ita</strong></span> <span class='ocrx_word' id='word_1_217' title='bbox 648 2449 792 2516; x_wconf 86' lang='lat' dir='ltr'><strong>fecissent,</strong></span> <span class='ocrx_word' id='word_1_218' title='bbox 807 2450 879 2506; x_wconf 89' lang='lat' dir='ltr'><strong>fines</strong></span> <span class='ocrx_word' id='word_1_219' title='bbox 892 2469 990 2508; x_wconf 92' lang='lat' dir='ltr'><strong>eorum</strong></span> <span class='ocrx_word' id='word_1_220' title='bbox 1004 2473 1035 2510; x_wconf 91' lang='lat' dir='ltr'><strong>se</strong></span> 
     </span>
     <span class='ocr_line' id='line_1_28' title="bbox 23 2528 1034 2605; baseline 0.003 -22"><span class='ocrx_word' id='word_1_221' title='bbox 23 2528 213 2586; x_wconf 72' lang='lat' dir='ltr'><strong>‘violaturum</strong></span> <span class='ocrx_word' id='word_1_222' title='bbox 233 2529 357 2605; x_wconf 85' lang='lat' dir='ltr'><strong>negavit.</strong></span> <span class='ocrx_word' id='word_1_223' title='bbox 400 2528 479 2586; x_wconf 82' lang='lat' dir='ltr'><strong>Tum</strong></span> <span class='ocrx_word' id='word_1_224' title='bbox 503 2528 593 2604; x_wconf 90' lang='lat' dir='ltr'><strong>copiis</strong></span> <span class='ocrx_word' id='word_1_225' title='bbox 617 2529 647 2585; x_wconf 93' lang='lat' dir='ltr'><strong>in</strong></span> <span class='ocrx_word' id='word_1_226' title='bbox 670 2538 728 2584; x_wconf 91' lang='lat' dir='ltr'><strong>tres</strong></span> <span class='ocrx_word' id='word_1_227' title='bbox 748 2538 843 2603; x_wconf 89' lang='lat' dir='ltr'><strong>partes</strong></span> <span class='ocrx_word' id='word_1_228' title='bbox 867 2528 1034 2597; x_wconf 88' lang='lat' dir='ltr'><strong>distributis,</strong></span> 
     </span>
     <span class='ocr_line' id='line_1_29' title="bbox 48 2605 1035 2684; baseline 0.002 -22"><span class='ocrx_word' id='word_1_229' title='bbox 48 2605 250 2684; x_wconf 89' lang='lat' dir='ltr'><strong>impedimenta</strong></span> <span class='ocrx_word' id='word_1_230' title='bbox 274 2608 404 2668; x_wconf 85' lang='lat' dir='ltr'><strong>omniurn</strong></span> <span class='ocrx_word' id='word_1_231' title='bbox 431 2608 577 2683; x_wconf 89' lang='lat' dir='ltr'><strong>legionum</strong></span> <span class='ocrx_word' id='word_1_232' title='bbox 604 2608 788 2664; x_wconf 82' lang='lat' dir='ltr'><strong>Aduatucam</strong></span> <span class='ocrx_word' id='word_1_233' title='bbox 816 2607 944 2663; x_wconf 87' lang='lat' dir='ltr'><strong>contulit.</strong></span> <span class='ocrx_word' id='word_1_234' title='bbox 1000 2607 1035 2664; x_wconf 91' lang='lat' dir='ltr'><strong>Id</strong></span> 
     </span>
     <span class='ocr_line' id='line_1_30' title="bbox 48 2684 1034 2759; baseline 0.002 -18"><span class='ocrx_word' id='word_1_235' title='bbox 48 2685 155 2744; x_wconf 80' lang='lat' dir='ltr'><strong>castelli</strong></span> <span class='ocrx_word' id='word_1_236' title='bbox 166 2706 269 2744; x_wconf 90' lang='lat' dir='ltr'><strong>nomen</strong></span> <span class='ocrx_word' id='word_1_237' title='bbox 283 2698 337 2745; x_wconf 87' lang='lat' dir='ltr'><strong>est.</strong></span> <span class='ocrx_word' id='word_1_238' title='bbox 378 2686 445 2744; x_wconf 90' lang='lat' dir='ltr'><strong>Hoc</strong></span> <span class='ocrx_word' id='word_1_239' title='bbox 456 2684 515 2744; x_wconf 75' lang='lat' dir='ltr'><strong>fere</strong></span> <span class='ocrx_word' id='word_1_240' title='bbox 530 2697 573 2743; x_wconf 89' lang='lat' dir='ltr'><strong>est</strong></span> <span class='ocrx_word' id='word_1_241' title='bbox 587 2687 617 2743; x_wconf 89' lang='lat' dir='ltr'><strong>in</strong></span> <span class='ocrx_word' id='word_1_242' title='bbox 628 2685 731 2744; x_wconf 88' lang='lat' dir='ltr'><strong>mediis</strong></span> <span class='ocrx_word' id='word_1_243' title='bbox 737 2685 908 2746; x_wconf 85' lang='lat' dir='ltr'><strong>¹Eburonum</strong></span> <span class='ocrx_word' id='word_1_244' title='bbox 919 2684 1034 2759; x_wconf 86' lang='lat' dir='ltr'><strong>finibus,</strong></span> 
     </span>
     <span class='ocr_line' id='line_1_31' title="bbox 49 2765 1085 2841; baseline 0.006 -22"><span class='ocrx_word' id='word_1_245' title='bbox 49 2765 97 2821; x_wconf 91' lang='lat' dir='ltr'><strong>ubi</strong></span> <span class='ocrx_word' id='word_1_246' title='bbox 109 2765 239 2824; x_wconf 81' lang='lat' dir='ltr'><strong>Titurius</strong></span> <span class='ocrx_word' id='word_1_247' title='bbox 251 2777 338 2841; x_wconf 89' lang='lat' dir='ltr'><strong>atque</strong></span> <span class='ocrx_word' id='word_1_248' title='bbox 345 2765 560 2823; x_wconf 87' lang='lat' dir='ltr'><strong>Aurunculeius</strong></span> <span class='ocrx_word' id='word_1_249' title='bbox 571 2765 725 2840; x_wconf 88' lang='lat' dir='ltr'><strong>hyemandi</strong></span> <span class='ocrx_word' id='word_1_250' title='bbox 737 2765 826 2822; x_wconf 74' lang='lat' dir='ltr'><strong>causi</strong></span> <span class='ocrx_word' id='word_1_251' title='bbox 836 2766 1034 2823; x_wconf 83' lang='lat' dir='ltr'><strong>consederant.</strong></span> <span class='ocrx_word' id='word_1_252' title='bbox 1048 2769 1085 2825; x_wconf 88' lang='grc'><strong>30</strong></span> 
     </span>
     <span class='ocr_line' id='line_1_32' title="bbox 50 2841 1036 2921; baseline 0.004 -21"><span class='ocrx_word' id='word_1_253' title='bbox 50 2841 134 2902; x_wconf 87' lang='lat' dir='ltr'><strong>Hunc</strong></span> <span class='ocrx_word' id='word_1_254' title='bbox 147 2842 214 2904; x_wconf 76' lang='lat' dir='ltr'><strong>cum</strong></span> <span class='ocrx_word' id='word_1_255' title='bbox 235 2845 354 2920; x_wconf 88' lang='lat' dir='ltr'><strong>reliquis</strong></span> <span class='ocrx_word' id='word_1_256' title='bbox 367 2846 452 2902; x_wconf 89' lang='lat' dir='ltr'><strong>rebus</strong></span> <span class='ocrx_word' id='word_1_257' title='bbox 467 2845 563 2902; x_wconf 90' lang='lat' dir='ltr'><strong>locum</strong></span> <span class='ocrx_word' id='word_1_258' title='bbox 576 2843 724 2920; x_wconf 86' lang='lat' dir='ltr'><strong>probabat,</strong></span> <span class='ocrx_word' id='word_1_259' title='bbox 739 2856 799 2902; x_wconf 92' lang='lat' dir='ltr'><strong>tum</strong></span> <span class='ocrx_word' id='word_1_260' title='bbox 813 2842 889 2920; x_wconf 83' lang='lat' dir='ltr'><strong>qubd</strong></span> <span class='ocrx_word' id='word_1_261' title='bbox 911 2846 1036 2921; x_wconf 88' lang='lat' dir='ltr'><strong>superio·</strong></span> 
     </span>
     <span class='ocr_line' id='line_1_33' title="bbox 50 2921 1036 3000; baseline 0.005 -23"><span class='ocrx_word' id='word_1_262' title='bbox 50 2921 88 2978; x_wconf 88' lang='lat' dir='ltr'><strong>ris</strong></span> <span class='ocrx_word' id='word_1_263' title='bbox 109 2924 175 2981; x_wconf 91' lang='lat' dir='ltr'><strong>anni</strong></span> <span class='ocrx_word' id='word_1_264' title='bbox 197 2924 374 2981; x_wconf 87' lang='lat' dir='ltr'><strong>munitiones</strong></span> <span class='ocrx_word' id='word_1_265' title='bbox 388 2925 505 3000; x_wconf 84' lang='lat' dir='ltr'><strong>integrae</strong></span> <span class='ocrx_word' id='word_1_266' title='bbox 529 2924 694 2992; x_wconf 85' lang='lat' dir='ltr'><strong>manebant,</strong></span> <span class='ocrx_word' id='word_1_267' title='bbox 709 2933 741 2982; x_wconf 94' lang='lat' dir='ltr'><strong>ut</strong></span> <span class='ocrx_word' id='word_1_268' title='bbox 763 2924 886 2982; x_wconf 89' lang='lat' dir='ltr'><strong>militum</strong></span> <span class='ocrx_word' id='word_1_269' title='bbox 909 2925 1036 2982; x_wconf 88' lang='lat' dir='ltr'><strong>laborem</strong></span> 
     </span>
     <span class='ocr_line' id='line_1_34' title="bbox 51 3001 1037 3080; baseline 0.006 -24"><span class='ocrx_word' id='word_1_270' title='bbox 51 3001 212 3060; x_wconf 76' lang='lat' dir='ltr'><strong>sublevaret</strong></span> <span class='ocrx_word' id='word_1_271' title='bbox 254 3003 392 3061; x_wconf 73' lang='lat' dir='ltr'><strong>Praesidio</strong></span> <span class='ocrx_word' id='word_1_272' title='bbox 413 3003 625 3079; x_wconf 86' lang='lat' dir='ltr'><strong>impedimentis</strong></span> <span class='ocrx_word' id='word_1_273' title='bbox 637 3003 780 3079; x_wconf 87' lang='lat' dir='ltr'><strong>legionem</strong></span> <span class='ocrx_word' id='word_1_274' title='bbox 794 3003 937 3060; x_wconf 82' lang='lat' dir='ltr'><strong>decimam</strong></span> <span class='ocrx_word' id='word_1_275' title='bbox 954 3015 1037 3080; x_wconf 60' lang='lat' dir='ltr'><strong>quar*-</strong></span> 
     </span>
     <span class='ocr_line' id='line_1_35' title="bbox 52 3079 1037 3159; baseline 0.008 -25"><span class='ocrx_word' id='word_1_276' title='bbox 52 3089 108 3136; x_wconf 89' lang='lat' dir='ltr'><strong>tam</strong></span> <span class='ocrx_word' id='word_1_277' title='bbox 118 3081 238 3158; x_wconf 85' lang='lat' dir='ltr'><strong>reliquit,</strong></span> <span class='ocrx_word' id='word_1_278' title='bbox 253 3100 343 3140; x_wconf 88' lang='lat' dir='ltr'><strong>unam</strong></span> <span class='ocrx_word' id='word_1_279' title='bbox 356 3101 393 3140; x_wconf 89' lang='lat' dir='ltr'><strong>ex</strong></span> <span class='ocrx_word' id='word_1_280' title='bbox 413 3081 448 3140; x_wconf 90' lang='lat' dir='ltr'><strong>iis</strong></span> <span class='ocrx_word' id='word_1_281' title='bbox 461 3081 562 3149; x_wconf 87' lang='lat' dir='ltr'><strong>tribus,</strong></span> <span class='ocrx_word' id='word_1_282' title='bbox 576 3101 647 3157; x_wconf 86' lang='lat' dir='ltr'><strong>quas</strong></span> <span class='ocrx_word' id='word_1_283' title='bbox 663 3079 791 3158; x_wconf 73' lang='lat' dir='ltr'><strong>proxime</strong></span> <span class='ocrx_word' id='word_1_284' title='bbox 806 3081 983 3159; x_wconf 85' lang='lat' dir='ltr'><strong>conscriptas</strong></span> <span class='ocrx_word' id='word_1_285' title='bbox 1000 3103 1037 3142; x_wconf 84' lang='lat' dir='ltr'><strong>ex</strong></span> 
     </span>
     <span class='ocr_line' id='line_1_36' title="bbox 52 3156 1086 3237; baseline 0.007 -25"><span class='ocrx_word' id='word_1_286' title='bbox 52 3156 131 3216; x_wconf 82' lang='lat' dir='ltr'><strong>Italid</strong></span> <span class='ocrx_word' id='word_1_287' title='bbox 141 3163 351 3220; x_wconf 81' lang='lat' dir='ltr'><strong>transduxerat.</strong></span> <span class='ocrx_word' id='word_1_288' title='bbox 393 3161 429 3218; x_wconf 90' lang='lat' dir='ltr'><strong>Ei</strong></span> <span class='ocrx_word' id='word_1_289' title='bbox 450 3161 557 3237; x_wconf 90' lang='lat' dir='ltr'><strong>legioni</strong></span> <span class='ocrx_word' id='word_1_290' title='bbox 577 3160 733 3236; x_wconf 88' lang='lat' dir='ltr'><strong>castrisque</strong></span> <span class='ocrx_word' id='word_1_291' title='bbox 751 3161 792 3223; x_wconf 81' lang='lat' dir='ltr'><strong>Q.</strong></span> <span class='ocrx_word' id='word_1_292' title='bbox 807 3161 938 3220; x_wconf 89' lang='lat' dir='ltr'><strong>Tullium</strong></span> <span class='ocrx_word' id='word_1_293' title='bbox 952 3163 1036 3221; x_wconf 85' lang='lat' dir='ltr'><strong>Cice·</strong></span> <span class='ocrx_word' id='word_1_294' title='bbox 1050 3160 1086 3219; x_wconf 65' lang='lat'><strong>35</strong></span> 
     </span>
     <span class='ocr_line' id='line_1_37' title="bbox 53 3240 778 3316; baseline 0.008 -24"><span class='ocrx_word' id='word_1_295' title='bbox 53 3255 142 3296; x_wconf 87' lang='lat' dir='ltr'><strong>ronem</strong></span> <span class='ocrx_word' id='word_1_296' title='bbox 155 3241 294 3315; x_wconf 72' lang='lat' dir='ltr'><strong>prefecit,</strong></span> <span class='ocrx_word' id='word_1_297' title='bbox 308 3241 504 3316; x_wconf 87' lang='lat' dir='ltr'><strong>ducentosque</strong></span> <span class='ocrx_word' id='word_1_298' title='bbox 518 3240 628 3315; x_wconf 89' lang='lat' dir='ltr'><strong>equites</strong></span> <span class='ocrx_word' id='word_1_299' title='bbox 642 3241 778 3298; x_wconf 80' lang='lat' dir='ltr'><strong>attribuit</strong></span> 
     </span>
     <span class='ocr_line' id='line_1_38' title="bbox 90 3315 1036 3394; baseline 0 -20"><span class='ocrx_word' id='word_1_300' title='bbox 90 3315 233 3376; x_wconf 83' lang='lat' dir='ltr'>XXXIII.</span> <span class='ocrx_word' id='word_1_301' title='bbox 277 3319 385 3378; x_wconf 87' lang='lat' dir='ltr'><strong>Partito</strong></span> <span class='ocrx_word' id='word_1_302' title='bbox 405 3319 544 3386; x_wconf 81' lang='lat' dir='ltr'><strong>exercitu,</strong></span> <span class='ocrx_word' id='word_1_303' title='bbox 560 3317 597 3375; x_wconf 89' lang='grc' dir='ltr'><strong>Τ.</strong></span> <span class='ocrx_word' id='word_1_304' title='bbox 613 3319 775 3378; x_wconf 86' lang='lat' dir='ltr'><strong>Labienum</strong></span> <span class='ocrx_word' id='word_1_305' title='bbox 789 3339 856 3378; x_wconf 88' lang='lat' dir='ltr'><strong>cum</strong></span> <span class='ocrx_word' id='word_1_306' title='bbox 875 3315 1036 3394; x_wconf 89' lang='lat' dir='ltr'><strong>legionibus</strong></span> 
     </span>
     <span class='ocr_line' id='line_1_39' title="bbox 50 3394 1037 3474; baseline 0.005 -25"><span class='ocrx_word' id='word_1_307' title='bbox 50 3394 137 3452; x_wconf 91' lang='lat' dir='ltr'><strong>tribus</strong></span> <span class='ocrx_word' id='word_1_308' title='bbox 161 3399 198 3455; x_wconf 85' lang='lat' dir='ltr'><strong>sd</strong></span> <span class='ocrx_word' id='word_1_309' title='bbox 225 3397 379 3456; x_wconf 84' lang='lat' dir='ltr'><strong>Oceanum</strong></span> <span class='ocrx_word' id='word_1_310' title='bbox 406 3395 505 3456; x_wconf 73' lang='lat' dir='ltr'><strong>versis</strong></span> <span class='ocrx_word' id='word_1_311' title='bbox 532 3398 561 3454; x_wconf 93' lang='lat' dir='ltr'><strong>in</strong></span> <span class='ocrx_word' id='word_1_312' title='bbox 588 3417 638 3456; x_wconf 86' lang='lat' dir='ltr'><strong>eas</strong></span> <span class='ocrx_word' id='word_1_313' title='bbox 664 3415 768 3474; x_wconf 86' lang='lat' dir='ltr'><strong>partes,</strong></span> <span class='ocrx_word' id='word_1_314' title='bbox 796 3401 858 3472; x_wconf 78' lang='lat' dir='ltr'><strong>qu&#39;ae</strong></span> <span class='ocrx_word' id='word_1_315' title='bbox 885 3395 1037 3470; x_wconf 89' lang='lat' dir='ltr'><strong>Menapios</strong></span> 
     </span>
     <span class='ocr_line' id='line_1_40' title="bbox 49 3473 1037 3554; baseline 0.005 -24"><span class='ocrx_word' id='word_1_316' title='bbox 49 3473 199 3550; x_wconf 87' lang='lat' dir='ltr'><strong>attingunt,</strong></span> <span class='ocrx_word' id='word_1_317' title='bbox 214 3477 359 3552; x_wconf 88' lang='lat' dir='ltr'><strong>proficisci</strong></span> <span class='ocrx_word' id='word_1_318' title='bbox 370 3477 470 3554; x_wconf 84' lang='lat' dir='ltr'><strong>jubet:</strong></span> <span class='ocrx_word' id='word_1_319' title='bbox 491 3477 526 3534; x_wconf 86' lang='grc' dir='ltr'><strong>Ο.</strong></span> <span class='ocrx_word' id='word_1_320' title='bbox 541 3476 721 3535; x_wconf 78' lang='lat' dir='ltr'><strong>Trebonium</strong></span> <span class='ocrx_word' id='word_1_321' title='bbox 735 3496 803 3534; x_wconf 89' lang='lat' dir='ltr'><strong>cum</strong></span> <span class='ocrx_word' id='word_1_322' title='bbox 816 3476 877 3551; x_wconf 87' lang='lat' dir='ltr'><strong>pari</strong></span> <span class='ocrx_word' id='word_1_323' title='bbox 890 3473 1037 3550; x_wconf 90' lang='lat' dir='ltr'><strong>legionum</strong></span> 
     </span>
     <span class='ocr_line' id='line_1_41' title="bbox 49 3555 1088 3633; baseline 0.007 -25"><span class='ocrx_word' id='word_1_324' title='bbox 49 3569 167 3610; x_wconf 88' lang='lat' dir='ltr'><strong>numero</strong></span> <span class='ocrx_word' id='word_1_325' title='bbox 187 3555 222 3612; x_wconf 91' lang='lat' dir='ltr'><strong>ad</strong></span> <span class='ocrx_word' id='word_1_326' title='bbox 242 3575 308 3613; x_wconf 84' lang='lat' dir='ltr'><strong>eam</strong></span> <span class='ocrx_word' id='word_1_327' title='bbox 330 3556 487 3632; x_wconf 88' lang='lat' dir='ltr'><strong>regionem,</strong></span> <span class='ocrx_word' id='word_1_328' title='bbox 510 3575 573 3630; x_wconf 80' lang='lat' dir='ltr'><strong>quae</strong></span> <span class='ocrx_word' id='word_1_329' title='bbox 588 3556 750 3614; x_wconf 89' lang='lat' dir='ltr'><strong>Aduatucis</strong></span> <span class='ocrx_word' id='word_1_330' title='bbox 772 3555 893 3628; x_wconf 84' lang='lat' dir='ltr'><strong>adjacet,</strong></span> <span class='ocrx_word' id='word_1_331' title='bbox 913 3555 1038 3633; x_wconf 85' lang='lat' dir='ltr'><strong>depopu-</strong></span> <span class='ocrx_word' id='word_1_332' title='bbox 1052 3561 1088 3615; x_wconf 80' lang='grc'><strong>40</strong></span> 
     </span>
     <span class='ocr_line' id='line_1_42' title="bbox 49 3628 1037 3710; baseline 0.008 -24"><span class='ocrx_word' id='word_1_333' title='bbox 49 3629 164 3688; x_wconf 83' lang='lat' dir='ltr'><strong>landam</strong></span> <span class='ocrx_word' id='word_1_334' title='bbox 184 3634 287 3692; x_wconf 90' lang='lat' dir='ltr'><strong>mittit:</strong></span> <span class='ocrx_word' id='word_1_335' title='bbox 309 3635 370 3710; x_wconf 89' lang='lat' dir='ltr'><strong>ipse</strong></span> <span class='ocrx_word' id='word_1_336' title='bbox 392 3653 459 3693; x_wconf 90' lang='lat' dir='ltr'><strong>cum</strong></span> <span class='ocrx_word' id='word_1_337' title='bbox 477 3635 593 3710; x_wconf 87' lang='lat' dir='ltr'><strong>reliquis</strong></span> <span class='ocrx_word' id='word_1_338' title='bbox 614 3635 705 3692; x_wconf 90' lang='lat' dir='ltr'><strong>tribus</strong></span> <span class='ocrx_word' id='word_1_339' title='bbox 719 3635 755 3691; x_wconf 87' lang='lat' dir='ltr'><strong>ad</strong></span> <span class='ocrx_word' id='word_1_340' title='bbox 777 3628 883 3690; x_wconf 86' lang='lat' dir='ltr'><strong>flumen</strong></span> <span class='ocrx_word' id='word_1_341' title='bbox 898 3634 1037 3706; x_wconf 84' lang='lat' dir='ltr'><strong>Scaldim,</strong></span> 
     </span>
     <span class='ocr_line' id='line_1_43' title="bbox 50 3711 1038 3790; baseline 0.007 -24"><span class='ocrx_word' id='word_1_342' title='bbox 50 3711 121 3782; x_wconf 89' lang='lat' dir='ltr'><strong>quod</strong></span> <span class='ocrx_word' id='word_1_343' title='bbox 145 3711 238 3770; x_wconf 85' lang='lat' dir='ltr'><strong>influit</strong></span> <span class='ocrx_word' id='word_1_344' title='bbox 258 3713 289 3771; x_wconf 93' lang='lat' dir='ltr'><strong>in</strong></span> <span class='ocrx_word' id='word_1_345' title='bbox 314 3713 437 3781; x_wconf 88' lang='lat' dir='ltr'><strong>Mosam,</strong></span> <span class='ocrx_word' id='word_1_346' title='bbox 462 3725 660 3790; x_wconf 86' lang='lat' dir='ltr'><strong>extremasque</strong></span> <span class='ocrx_word' id='word_1_347' title='bbox 684 3713 851 3771; x_wconf 75' lang='lat' dir='ltr'><strong>Arduennae</strong></span> <span class='ocrx_word' id='word_1_348' title='bbox 878 3725 973 3790; x_wconf 87' lang='lat' dir='ltr'><strong>partes</strong></span> <span class='ocrx_word' id='word_1_349' title='bbox 997 3717 1038 3772; x_wconf 91' lang='lat' dir='ltr'><strong>ire</strong></span> 
     </span>
     <span class='ocr_line' id='line_1_44' title="bbox 51 3787 1138 3870; baseline 0.004 -26"><span class='ocrx_word' id='word_1_350' title='bbox 51 3789 201 3859; x_wconf 85' lang='lat' dir='ltr'><strong>constituit,</strong></span> <span class='ocrx_word' id='word_1_351' title='bbox 220 3791 278 3867; x_wconf 82' lang='lat' dir='ltr'><strong>qub</strong></span> <span class='ocrx_word' id='word_1_352' title='bbox 299 3811 368 3852; x_wconf 83' lang='lat' dir='ltr'><strong>curn</strong></span> <span class='ocrx_word' id='word_1_353' title='bbox 380 3793 482 3870; x_wconf 84' lang='lat' dir='ltr'><strong>paucis</strong></span> <span class='ocrx_word' id='word_1_354' title='bbox 502 3794 646 3870; x_wconf 70' lang='lat' dir='ltr'><strong>equitibus</strong></span> <span class='ocrx_word' id='word_1_355' title='bbox 666 3792 824 3869; x_wconf 88' lang='lat' dir='ltr'><strong>profectum</strong></span> <span class='ocrx_word' id='word_1_356' title='bbox 839 3793 1037 3867; x_wconf 88' lang='lat' dir='ltr'><strong>Ambiorigem</strong></span> <span class='ocrx_word' id='word_1_357' title='bbox 1131 3787 1138 3798; x_wconf 77' lang='grc'><em>’</em></span> 
     </span>
    </p>
   </div>
   <div class='ocr_carea' id='block_1_3' title="bbox 24 3867 1036 3964">
    <p class='ocr_par' dir='ltr' id='par_1_3' title="bbox 24 3867 1036 3964">
     <span class='ocr_line' id='line_1_45' title="bbox 24 3867 1036 3964; baseline 0.001 -37"><span class='ocrx_word' id='word_1_358' title='bbox 24 3949 25 3956; x_wconf 14' lang='lat'>¹</span> <span class='ocrx_word' id='word_1_359' title='bbox 53 3867 187 3930; x_wconf 74' lang='lat' dir='ltr'><strong>audiebat</strong></span> <span class='ocrx_word' id='word_1_360' title='bbox 229 3871 402 3964; x_wconf 78' lang='lat' dir='ltr'><strong>Discedens,</strong></span> <span class='ocrx_word' id='word_1_361' title='bbox 415 3871 502 3931; x_wconf 67' lang='lat' dir='ltr'><strong>thst</strong></span> <span class='ocrx_word' id='word_1_362' title='bbox 516 3873 593 3932; x_wconf 90' lang='lat' dir='ltr'><strong>diem</strong></span> <span class='ocrx_word' id='word_1_363' title='bbox 604 3872 756 3950; x_wconf 88' lang='lat' dir='ltr'><strong>septimum</strong></span> <span class='ocrx_word' id='word_1_364' title='bbox 764 3890 827 3932; x_wconf 88' lang='lat' dir='ltr'><strong>sese</strong></span> <span class='ocrx_word' id='word_1_365' title='bbox 836 3867 1036 3931; x_wconf 78' lang='lat' dir='ltr'><strong>reuersurum,¹</strong></span> 
     </span>
    </p>
   </div>
   <div class='ocr_carea' id='block_1_4' title="bbox 24 3995 26 4041">
    <p class='ocr_par' dir='ltr' id='par_1_4' title="bbox 24 3995 26 4041">
     <span class='ocr_line' id='line_1_46' title="bbox 24 3995 26 4041; baseline 0 0"><span class='ocrx_word' id='word_1_366' title='bbox 24 3995 26 4041; x_wconf 78' lang='lat' dir='ltr'><strong>i</strong></span> 
     </span>
    </p>
   </div>
   <div class='ocr_carea' id='block_1_5' title="bbox 0 0 1312 4422">
    <p class='ocr_par' dir='ltr' id='par_1_5' title="bbox 0 0 1312 4422">
     <span class='ocr_line' id='line_1_47' title="bbox 0 0 1312 4422; baseline 0 0"><span class='ocrx_word' id='word_1_367' title='bbox 0 0 1312 4422; x_wconf 95' lang='lat' dir='ltr'><strong> </strong></span> 
     </span>
    </p>
   </div>
  </div>
 </body>
</html>
