2564 4422
145 323 203 384 lm
314 273 349 382 ,¹
514 319 560 372 nn
576 319 692 372 nanno
710 317 870 372 eunuco

194 474 372 532 santanae
381 462 520 522 acerrime
529 463 630 539 reliqui
640 463 819 531 resistebant,
830 481 886 520 nec
897 461 982 520 dabat
990 461 1188 540 suspicionem
1217 507 1220 516 .

194 544 269 618 sugo
282 543 440 618 quisquam.
481 542 547 618 Ipse
561 543 619 600 dux
632 542 756 600 hostium
769 541 983 616 Camulogenus
997 542 1058 600 suis
1077 543 1186 612 aderat,

184 632 279 696 ,atque
299 641 349 680 eos
362 621 571 680 cohortabatur.
613 622 663 688 At,
682 620 792 679 incerto
805 621 892 678 etiam
912 639 992 676 nunc
1005 621 1085 678 exitu
1099 621 1188 680 vieto·

195 699 254 767 ri'e,
268 718 356 774 quum
369 700 496 776 septimae
517 700 638 775 legionis
650 699 772 758 tribunis
791 709 867 758 esset
879 697 1059 767 nunciatum,
1074 719 1139 775 que
1157 701 1187 759 in

91 843 94 850 .
163 779 310 836 5sinietro
343 797 432 836 cornu
458 789 634 854 gererentur,
659 788 723 856 post
748 788 861 852 tergum
884 771 1008 834 hostium
1042 779 1187 854 legionem

195 859 400 925 ostenderunt,
419 857 556 932 signaque
583 857 749 914 inttderunt.
790 856 838 913 Ne
861 856 1035 931 ecquidem
1059 868 1187 934 tempore

178 936 344 1012 ,quisquam
367 937 430 993 loco
456 935 552 1003 cessit,
577 937 627 993 sed
650 935 838 993 circumventi
860 953 960 992 omnes
986 935 1187 1012 interfectique

197 1025 272 1073 aunt.
323 1014 455 1072 Eandem
479 1015 621 1072 fortunam
647 1014 712 1072 tulit
733 1014 960 1090 Camulogenus.
1012 1015 1053 1071 At
1081 1015 1111 1082 ii,
1138 1015 1186 1091 qui

196 1093 328 1170 presidio
349 1103 449 1150 oonua
468 1104 563 1150 castra
583 1093 705 1150 Labieni
725 1102 807 1150 erant
824 1091 927 1160 relicti,
948 1110 1035 1167 quum
1056 1094 1186 1168 proellum

147 1174 181 1228 10
198 1172 381 1230 commissum
403 1171 559 1243 audissent,
573 1171 699 1228 subsidio
723 1171 782 1228 auis
802 1171 906 1237 ierunt,
925 1171 1084 1245 collemque
1105 1191 1187 1250 cepe·

198 1261 274 1318 runt,
295 1269 388 1326 neque
408 1261 567 1308 nostrorum
588 1250 709 1307 militum
730 1249 869 1307 victorum
890 1249 1027 1325 impetum
1045 1251 1186 1309 sustinere

197 1338 361 1404 potuerunt.
411 1329 471 1396 Sic,
495 1347 562 1384 cum
586 1328 644 1386 suis
668 1327 843 1403 fugientibus
868 1328 1010 1403 permixti,
1031 1347 1101 1404 quos
1128 1349 1186 1388 non

198 1407 283 1480 sylvae
296 1417 463 1480 montesque
483 1417 624 1473 texerunt,
640 1407 676 1463 ab
690 1406 818 1480 equitatu
838 1415 905 1464 sunt
926 1407 1076 1464 interfecti.
1119 1409 1186 1467 Hoc

197 1484 312 1558 negotio
332 1485 474 1551 confecto,
489 1484 634 1542 Labienus
655 1484 803 1542 revertitur
819 1485 1014 1562 Agendicum,
1028 1486 1078 1542 nbi
1098 1485 1187 1564 impe-

149 1561 325 1619 lenimenta
345 1561 431 1621 totius
452 1563 595 1620 exercitiis
617 1563 717 1620 relicta
737 1574 827 1622 erant.
876 1562 950 1621 Inde
970 1583 1037 1622 cum
1054 1565 1187 1623 omnibus

198 1639 288 1716 copiis
301 1641 338 1698 ad
352 1640 496 1698 Cesaram
510 1642 646 1717 pervenit.
824 1706 835 1724 ι

238 1717 352 1776 LXIII.
394 1719 750 1798 Defectione'AEduorum
777 1720 903 1802 cogniti,
925 1721 1032 1778 bellum
1058 1733 1185 1798 augetur.

198 1799 371 1874 Legationes
382 1798 412 1856 iu
422 1818 522 1857 omnes
532 1810 627 1876 partes
637 1798 913 1856 circummittuntur:
934 1799 1074 1874 quantbm
1085 1801 1185 1877 gratia,

152 1903 157 1910 ·
200 1877 377 1944 auctoritate,
391 1877 516 1953 pecuniis
529 1878 633 1946 valent,
649 1878 685 1935 ad
699 1877 892 1937 sollicitandas
905 1877 1035 1936 civitates
1049 1879 1186 1937 nbuntur.

146 1953 185 2020 W
200 1955 289 2014 Nacti
301 1956 425 2023 obsides,
437 1975 506 2031 quos
517 1956 615 2013 Oaesar
629 1956 704 2032 apud
718 1975 767 2013 eos
780 1956 958 2031 deposuerat,
968 1957 1071 2014 horum
1085 1959 1188 2034 snppli-

149 2093 150 2096 ,
200 2034 246 2093 cio
258 2035 422 2092 dubitantes
442 2034 581 2091 territant.
622 2034 727 2093 retunt
749 2034 1015 2110 nVercingetorige
1037 2036 1137 2105 AEdui,
1152 2038 1186 2094 ad

200 2131 231 2168 se
245 2113 349 2179 veniat,
368 2112 548 2186 rationesque
569 2112 636 2168 belli
650 2112 769 2187 gerendi
788 2112 990 2171 communicet.
1032 2114 1081 2172 Re
1101 2115 1187 2192 impe·

199 2189 274 2246 arati
295 2189 481 2256 contendunt,
496 2200 528 2246 ut
542 2189 609 2264 ipsis
622 2209 733 2247 summa
754 2190 865 2266 imperii
886 2192 1030 2250 tradatur:
1054 2204 1093 2261 et,
1107 2213 1138 2252 re
1157 2194 1186 2251 in

201 2266 420 2323 controversiam
454 2268 588 2335 deducti,
615 2268 700 2326 totius
732 2269 834 2330 Gallim
868 2269 1023 2328 concilium
1054 2271 1187 2330 Bibracte

149 2343 186 2396 25
202 2342 346 2401 indicitur.
388 2343 500 2404 Eodem
514 2347 689 2404 conveniunt
701 2347 826 2423 undique
848 2347 1018 2422 frequentes.
1060 2349 1188 2408 Multitu-

201 2421 277 2480 dinis
302 2423 445 2500 suffragiis
474 2423 519 2482 res
545 2425 734 2500 permittitur:
764 2427 800 2484 ad
828 2445 918 2484 unum
943 2445 1046 2486 omnes
1069 2428 1188 2487 Vercin-

201 2501 356 2578 getorigem
384 2504 505 2578 probant
531 2503 738 2579 imperatorem.
786 2505 835 2562 Ab
858 2506 913 2562 huo
931 2506 1064 2564 ‘concilio
1090 2507 1188 2576 Remi,

200 2580 357 2657 Lingones,
369 2580 483 2639 Treviri
492 2582 659 2640 abfuerunt:
681 2582 731 2650 illi,
740 2582 816 2657 qudd
826 2583 982 2641 amicitiam
990 2584 1190 2644 Romanorum

201 2661 412 2735 sequebantur3
434 2659 557 2728 Treviri,
572 2659 648 2736 qubd
670 2662 788 2718 aberant
801 2661 924 2737 longius,
939 2673 968 2720 et
986 2663 1022 2720 ab
1034 2663 1191 2722 Germanis

149 2735 185 2790 30
201 2739 418 2813 premebantur:
440 2757 503 2812 quae
517 2739 569 2795 fuit
593 2757 690 2806 causa,
712 2759 799 2814 quare
820 2750 879 2798 toto
900 2742 1029 2798 abessent
1050 2741 1135 2808 bello,
1160 2753 1191 2800 et

201 2815 311 2872 neutris
334 2815 439 2872 auxilia
462 2815 615 2874 mitterent.
666 2815 776 2894 Magno
796 2818 892 2876 dolore
916 2819 1006 2876 AEdui
1028 2819 1134 2888 ferunt,
1159 2841 1190 2878 ee

202 2893 328 2970 dejectos
348 2893 529 2970 principatu3
557 2907 714 2970 queruntur
735 2897 852 2954 fortune
876 2897 1139 2966 commutationem,
1161 2910 1189 2958 et

201 2972 326 3030 Caesaris
339 2971 547 3050 indulgentiam
561 2973 591 3031 in
602 2993 632 3031 se
646 2975 812 3048 requirunt3
833 2995 925 3050 neque
939 2986 1046 3045 tamen,
1058 2989 1190 3054 suscepto

152 3067 159 3074 ·
202 3051 286 3124 bello,
311 3069 393 3107 suum
414 3051 566 3109 consilinm
588 3054 623 3110 ab
645 3053 760 3128 reliquis
782 3073 914 3130 separare
938 3056 1054 3113 audent.
1104 3056 1189 3114 Inriti

149 3127 186 3182 35
201 3147 320 3186 summae
344 3129 403 3204 spei
425 3129 630 3198 adolescentes,
652 3131 827 3208 Eporedorix
847 3143 876 3190 et
896 3133 1106 3202 Viridomarus,
1120 3133 1190 3192 Ver·

200 3206 372 3284 cingetorigi
385 3207 505 3283 parents
921 3237 926 3250 .

240 3287 350 3345 LXIV.
393 3285 446 3343 Ille
467 3285 587 3362 imperat
600 3287 716 3362 reliquis
736 3288 899 3346 civitatibus
911 3290 1046 3348 obsides:
1066 3292 1190 3368 deniqne

201 3366 228 3422 ei
241 3367 283 3424 rei
296 3362 444 3425 constituit
454 3364 551 3423 diem:
572 3367 629 3423 huc
640 3386 740 3426 ornnes
752 3367 872 3442 equites,
887 3368 945 3426 XV
957 3370 1047 3427 millia
1060 3389 1189 3438 numero,

201 3443 331 3502 celeriter
357 3444 511 3503 convenire
528 3444 630 3520 jubet3
656 3445 815 3513 ‘Peditattq
843 3465 928 3522 quem
952 3447 1019 3506 anta*
1048 3449 1189 3517 habuerit,

148 3517 185 3572 to
201 3537 232 3576 se
253 3520 311 3578 fora
332 3525 514 3582 contentum'
537 3521 624 3581 dicit:
647 3535 756 3599 ‘neque
778 3525 920 3583 fortunam
938 3537 1127 3605 tentaturum,
1145 3538 1191 3586 aut

202 3596 264 3654 acia
285 3599 505 3671 dimicaturum
526 3602 736 3677 sedquoniam
749 3604 876 3660 abundet
895 3604 1033 3678 equitatu,
1054 3607 1190 3682 perfacile

200 3694 264 3734 essa
297 3676 384 3744 factu,
418 3673 686 3738 frumentationibus
720 3681 1007 3758 pabulationibusque
1041 3683 1190 3744 Rommos

200 3753 369 3830 prohibere:
390 3773 471 3829 equo
490 3758 576 3816 modb
591 3759 686 3816 animo
699 3779 757 3816 sua
771 3757 825 3834 ipsi
839 3759 983 3818 frumenta
996 3775 1189 3840 corrumpant,

202 3829 378 3904 aedificiaque
399 3831 565 3902 incendant,
585 3839 642 3912 qui
659 3837 701 3895 rei
722 3835 868 3896 familiaria
886 3836 1001 3913 jactari
1018 3851 1191 3918 perpetuum
