2562 4412
437 365 735 430 arnanoomvus.
1076 376 1133 445 lto

92 521 205 589 partem
219 509 367 587 copiarum
381 527 448 567 cum
462 510 606 587 Drappete
619 531 681 570 esse
698 513 728 570 ln
742 513 843 570 castris
857 505 874 571 'a
886 512 1011 573 millibus
1024 531 1082 572 non

94 587 219 667 amplids
232 588 305 646 XII.
353 588 469 649 Quare
483 609 519 648 er
532 591 725 666 compluribus
739 592 865 667 cognita,
880 611 966 668 quum
981 593 1083 650 intelli·

93 679 184 745 geret,
206 669 306 744 fugato
325 667 400 724 duce
421 668 518 735 altero,
532 670 695 744 perterritos
714 671 837 744 reliquos
857 669 942 728 facile
962 671 1083 748 opprimi

93 765 195 824 posse;
217 765 331 822 magnae
346 746 490 809 felicitatis
503 766 566 804 esse
581 748 779 816 arbitrabatur,
794 749 939 806 neminem
953 769 989 806 ex
1002 751 1082 807 oaede

93 825 234 901 refugisse
262 825 292 882 in
325 835 428 896 castra,
461 827 510 900 qui
537 827 573 882 de
600 829 719 902 accepti
752 827 914 886 calamitate
944 829 1081 886 nuncium
1109 839 1128 892 5
1172 897 1176 904 Ι

93 902 234 979 Drappeti
267 903 410 979 perferret.
465 905 524 961 Sed
557 903 587 960 in
614 907 789 980 experiundo
814 925 901 980 quum
924 905 1083 982 periculum

93 983 205 1039 nullum
233 981 350 1048 rideret,
385 983 542 1057 equitatum
575 1002 690 1040 onmem
716 986 930 1060 Germanosque
963 985 1082 1060 pedites,

94 1079 214 1118 summe
228 1059 386 1117 velocitatis
396 1062 535 1128 homines,
548 1061 584 1118 ad
598 1073 692 1119 castra
706 1061 828 1120 hostium
839 1064 1002 1139 praemittit:
1023 1063 1082 1138 ipse

93 1139 239 1215 legionem
266 1158 352 1196 unam
380 1139 410 1196 in
436 1141 511 1198 trina
537 1150 631 1197 castra
657 1141 809 1210 distribuit,
837 1143 953 1199 alteram
984 1161 1082 1198 secum

94 1219 258 1294 expeditam
290 1217 389 1274 ducit,¹
432 1218 534 1280 Quum
559 1216 676 1295 propilia
710 1221 818 1284 hostes,
835 1221 1011 1287 accessisset,
1045 1221 1127 1284 eblo

94 1297 329 1385 exploratoribus,
348 1315 418 1371 quos
437 1298 623 1372 praemiserat,
638 1299 794 1374 cognoscit,
816 1310 909 1356 castra
929 1319 1036 1366 eorum,
1050 1310 1082 1356 ut

95 1376 281 1433 barbarorum
292 1377 539 1444 tertoonsuetudo‚
552 1377 658 1435 relictis
668 1377 738 1434 locis
749 1377 950 1453 superioribus,
963 1379 998 1434 ad
1007 1377 1082 1452 ripas

95 1453 223 1510 fluminis
248 1453 471 1511 essedemissa:
501 1465 529 1511 at
549 1451 710 1516 Germanos
731 1457 896 1531 equitesque
920 1456 1083 1533 impruden·

94 1533 173 1589 tibus
185 1531 317 1590 omnibus
331 1533 366 1588 de
380 1532 532 1608 improviso
545 1534 700 1605 advolasse,
714 1544 743 1591 et
756 1535 884 1610 praelium
898 1535 1081 1592 commisisse.

93 1611 166 1673 Qut
190 1611 366 1687 recognitis,
387 1611 529 1686 legionem
552 1617 690 1669 armatam
711 1612 934 1688 instructamque
956 1613 1127 1676 adducit-15

95 1688 150 1761 Ita,
166 1689 283 1765 repente
302 1689 436 1747 omnibus
458 1690 637 1766 expertibus
660 1690 744 1765 signo
762 1691 839 1757 dato,
861 1691 925 1748 loca
938 1692 1083 1766 superiora

95 1765 256 1844 capiuntur.
296 1768 385 1830 Quod
413 1768 462 1825 ubi
490 1769 604 1836 accidit,
628 1768 765 1826 Germani
792 1767 967 1843 equitesque,
992 1769 1082 1842 signis

96 1846 217 1923 legionis
236 1846 313 1919 visis,
334 1846 584 1904 vehementissime
608 1847 790 1922 praeliantur:
811 1847 959 1904 confestim
982 1865 1082 1903 omnes

96 1927 227 1984 cohortes
238 1926 362 2001 undique
374 1926 509 2002 impetum
521 1925 647 1995 faciunt3
658 1924 846 2000 omnibusque
856 1935 904 1982 aut
915 1925 1080 1992 intersectis,

97 2015 144 2062 aut
157 2005 260 2081 captis,
274 2006 385 2080 magud,
399 2005 496 2081 praede
516 2005 670 2081 potiuntur.
711 2004 831 2078 Capitur
851 2004 912 2080 ipse
931 2023 966 2061 eo
985 2003 1127 2078 pralium

96 2082 156 2140 Dra
195 2103 236 2140 es.
403 2129 406 2141 .
569 2087 571 2093 '
827 2125 829 2134 ,

134 2103 298 2219 XpXXVII.
340 2161 491 2230 Caninius,
514 2161 677 2232 felicissirne
698 2181 729 2219 re
750 2162 840 2240 gestia,
855 2161 916 2218 sine
930 2161 988 2218 ullo
1007 2159 1081 2240 penti

96 2241 193 2308 militis
206 2242 333 2307 vulnere,
349 2243 385 2298 ad
404 2241 577 2300 obsidendos
589 2243 746 2317 oppidanos
765 2241 933 2309 revertitur;
954 2251 1082 2298 externo-

97 2339 155 2395 que
173 2321 255 2377 hoste
279 2319 381 2388 deleto,
405 2319 487 2395 cujus
506 2320 610 2377 'timore
635 2335 719 2378 antea
739 2320 865 2377 dividere
888 2319 1029 2395 praesidia,
1052 2329 1082 2377 et

10 2457 15 2478 ‚
97 2398 256 2456 munitione
276 2399 433 2476 oppidanos
446 2399 626 2455 circumdare
639 2398 797 2473 prohibitus
810 2408 880 2467 erat,
894 2417 980 2472 opera
999 2397 1126 2458 uadi-oa

96 2496 150 2552 que
178 2477 297 2552 imperat
325 2475 525 2534 administrari.
572 2477 660 2533 Venit
685 2475 787 2533 eddam
814 2494 880 2531 cum
907 2475 966 2531 suis
992 2477 1081 2550 copiis

96 2566 208 2631 postero
222 2557 268 2614 die
280 2557 315 2613 C.
330 2556 447 2622 Fabius,
458 2565 623 2630 partemque
634 2553 729 2629 oppidi
740 2553 826 2609 sumit
837 2553 873 2608 ad
883 2553 1080 2610 obsidendum.

136 2634 315 2692 XXXVIII.
358 2635 456 2691 Caesar
470 2634 582 2690 interim
598 2633 638 2688 Μ.
654 2631 813 2689 Antonium
833 2640 1000 2705 quaestorem
1015 2647 1081 2687 cum

97 2713 261 2770 cohortibus
283 2713 342 2772 XV
370 2713 399 2770 in
427 2711 584 2770 Bellouacis
610 2711 732 2785 reliquit,
760 2728 797 2766 ue
823 2728 879 2784 qua
904 2726 1000 2764 rursus
1033 2725 1082 2764 no-

98 2810 195 2848 vorum
226 2792 410 2850 consiliorum
443 2792 647 2867 capiendorum
680 2789 776 2866 Belgis
807 2788 927 2846 facultas
958 2787 1128 2847 daromam

99 2867 163 2944 lpse
187 2870 310 2944 reliquas
333 2870 462 2927 civitates
484 2867 552 2937 adit,
566 2869 679 2928 obsides
692 2869 787 2944 plures
808 2867 936 2943 imperat,
950 2865 1084 2923 timentes

98 2948 226 3005 omnium
260 2949 372 3016 animos
398 2949 592 3006 consolatione
618 2959 708 3004 sanat.
749 2947 851 3008 Quum
885 2945 914 3001 in
941 2944 1084 3000 Carnutes

98 3027 363 3103 venisset,'quorum
380 3027 526 3107 [consilio]
543 3027 572 3084 in
587 3026 701 3083 civitate
714 3025 858 3100 superiore
871 3021 1084 3080 Commentario

99 3103 195 3162 Caesar
218 3106 474 3180 exposuitjnitium
495 3105 560 3163 belli
575 3123 638 3163 esse
658 3114 760 3171 ortum,
774 3101 851 3177 qudd
871 3097 1014 3177 praecipue
1035 3119 1085 3158 eos

98 3194 209 3258 propter
221 3184 426 3242 conscientiam
439 3184 506 3241 facti
520 3185 620 3241 timere
632 3182 883 3252 animadvertebat,
892 3178 949 3255 qud
963 3176 1084 3236 celerids
1094 3181 1130 3237 35

99 3261 244 3320 civitatem
259 3274 336 3320 metu
349 3263 492 3330 liberaret,
506 3263 665 3338 principem
679 3261 795 3319 sceleris
816 3260 904 3335 ipsius
917 3256 1084 3314 etconcita·

98 3349 187 3397 torem
210 3340 286 3412 belli,
308 3343 490 3413 (immotum,
514 3343 549 3398 ad
570 3340 739 3418 supplicium
761 3337 896 3413 deposcit.
937 3333 1085 3422 Quirnessi

99 3436 134 3474 ne
161 3418 273 3476 civibus
298 3420 412 3495 quidem
440 3421 499 3477 suis
529 3439 560 3478 se
586 3419 789 3484 committebat,
816 3427 912 3472 tamen
943 3412 1083 3501 celeriter,

98 3498 226 3554 omnium
241 3499 311 3556 curi
324 3499 469 3574 quaesitus,
484 3499 513 3556 in
528 3509 621 3556 castra
631 3497 803 3571 perducitur.
845 3491 965 3566 Cogitur
978 3511 1007 3548 rn
1022 3491 1083 3568 ejus

97 3576 270 3650 supplicium
293 3578 392 3636 Caesar
419 3583 519 3634 contra
541 3587 670 3632 naturam
698 3593 788 3640 suam,
813 3571 937 3629 maximo
963 3571 1130 3631 militumlb

97 3657 252 3724 concursu,
266 3657 314 3731 qui
325 3657 352 3714 ei
363 3653 459 3714 omnia
472 3654 600 3728 pericula
609 3666 638 3712 et
648 3652 819 3710 detrimenta
829 3649 905 3717 belli,
919 3650 1086 3710 aGutruato

98 3743 229 3809 accepta,
254 3735 424 3806 referebant,
440 3730 511 3791 adeb
532 3743 564 3788 ut
584 3731 748 3790 verberibus
768 3729 962 3788 exanimatum
983 3747 1085 3806 corpus

96 3812 193 3868 securi
208 3809 346 3871 feriretur.
769 3851 773 3857 κ
839 3819 842 3826 ’

139 3890 288 3949 XXXIX.
329 3891 376 3950 tbi
397 3890 505 3950 crebris
525 3888 614 3950 literis
636 3887 754 3947 Caninii
775 3889 807 3948 fit
830 3889 942 3955 certior,
963 3901 1026 3960 quo
1046 3882 1084 3940 do

301 3969 366 4028 13*
651 3995 653 4000 ·
678 3999 686 4012 ·
