2564 4422
459 339 769 393 umnnsnrrurus.
1096 347 1154 408 ιω

113 502 191 544 mem
213 482 374 551 exercitum
388 482 573 558 Agendicum
593 485 753 552 reduceret,
767 484 921 560 cogitabat.
969 483 1102 561 Namque

114 563 204 622 alteru
226 582 263 620 ex
286 572 367 637 parte
391 560 545 629 Bellovaci,
572 581 636 637 qure
659 563 759 620 civitas
783 563 813 620 in
833 563 929 622 Gallis
951 564 1103 623 maximam

112 643 201 702 babet
207 641 374 717 opinionem
383 639 503 707 virtutis,
517 640 682 710 instabant3
704 642 822 700 alteram
833 642 1103 720 Camulogenurpa·

112 731 175 778 rato
189 731 275 795 atque
286 719 424 777 instructo
437 718 565 776 exercitu
572 720 705 778 tenebat:
726 730 788 777 tum
800 720 938 796 legiones,
947 722 1104 797 aprasidio

111 808 196 874 atque
218 796 431 873 impedimentis
449 796 628 865 interclusas,
647 799 803 857 maximum
818 799 924 857 flumen
939 799 1102 859 distinebat.
1136 809 1154 860 5

111 877 219 936 Tantis
233 874 329 934 subitb
343 874 558 932 difficultatibus
566 876 695 951 objectis,
706 878 742 935 ab
753 877 842 935 animi
855 877 957 936 virtute
967 879 1103 937 auxilium

111 957 272 1036 petendum
286 954 409 1011 videbat.
583 1024 585 1028 .

152 1034 218 1092 LX.
261 1033 362 1108 Itaque
376 1034 429 1090 sub
443 1051 592 1109 vesperum
606 1034 729 1093 concilio
749 1046 915 1104 convocato,
930 1038 1107 1104 cohortatus,

5 1167 6 1172 ,
112 1123 145 1170 ut
164 1131 210 1180 ea,
234 1131 297 1187 quae
325 1111 500 1186 imperfirset,
523 1112 674 1187 diligenter
701 1112 897 1189 industrieque
927 1115 1104 1173 administra·

112 1201 187 1256 rent,
209 1209 307 1258 naves,
321 1209 392 1265 quas
413 1189 606 1248 aMeloduno
628 1191 796 1264 deduxerat,
812 1193 940 1268 singulas
962 1193 1105 1268 equitibus
1121 1199 1155 1254 10

113 1269 257 1328 Romanis
278 1268 416 1336 attribuit,
430 1273 460 1326 et
482 1269 575 1345 primia
595 1269 727 1328 conlecta
748 1269 855 1348 vigilis,
875 1271 918 1330 IV
932 1272 1023 1330 millia
1041 1292 1106 1348 pas-

113 1367 198 1406 suum
216 1348 344 1406 secundo
358 1347 475 1406 flumine
489 1349 621 1429 progredi
642 1348 874 1425 silentio„ibique
888 1371 919 1408 se
939 1361 1105 1426 exspectare

110 1427 201 1504 jubet.
243 1425 382 1502 Quinque
391 1427 531 1493 cohortes,
540 1445 611 1501 quas
618 1427 737 1486 minime
751 1429 847 1486 firmas
859 1430 895 1487 ad
908 1429 1105 1487 dimicandum

112 1524 178 1564 esse
198 1504 389 1573 existimabat,
403 1506 505 1563 castris
517 1506 649 1581 praesidio
662 1507 814 1582 relinquit:
836 1507 863 1566 V
877 1508 1006 1584 ejusdem
1019 1509 1107 1586 legio·

113 1584 163 1640 nis
189 1583 312 1658 reliquas
339 1585 375 1641 de
401 1583 498 1641 medii
524 1597 608 1641 nocte
635 1585 703 1642 oum
734 1587 868 1644 omnibus
894 1587 1106 1662 impedimentis
1122 1591 1156 1645 1⁵

114 1663 239 1719 adverso
253 1661 366 1719 flumine
376 1681 482 1737 magno
495 1662 619 1720 tumultu
629 1663 771 1738 proficisci
785 1663 914 1738 imperat.
955 1665 1106 1739 Conquirit

112 1740 205 1798 etiam
231 1740 336 1800 lintres.
373 1740 463 1808 Has,
490 1759 596 1816 magno
619 1741 713 1798 sonitu
736 1759 878 1798 remorum
904 1742 1047 1808 incitatas,
1075 1742 1105 1798 in

4 1831 7 1836 '
112 1819 239 1878 eandem
262 1829 371 1895 partem
394 1819 489 1878 mittit.
541 1819 607 1895 Ipse
630 1818 695 1895 pdst
717 1819 814 1895 paulb,
839 1818 952 1876 silentio
974 1837 1106 1894 egressus
1177 1861 1180 1872 .

113 1917 182 1956 cum
204 1897 295 1956 tribus
318 1896 479 1974 legionibus
499 1917 566 1955 eum
589 1899 685 1956 locum
707 1898 787 1974 petit,
811 1895 868 1971 qud
891 1915 979 1954 nares
1003 1897 1105 1973 appelli

111 1978 246 2054 jusserat.
345 1990 350 1998 ·
1120 1979 1156 2034 m

156 2055 238 2113 LXI.
280 2054 326 2113 Ed
347 2074 435 2130 quum
455 2068 531 2115 esset
554 2067 680 2126 ventum,
705 2057 896 2134 exploratores
919 2053 1052 2122 hostium,
1074 2064 1106 2112 ut

114 2134 193 2192 omni
208 2134 335 2192 fluminis
348 2145 428 2210 parte
448 2147 530 2193 erant
542 2136 680 2213 dispositi,
698 2137 889 2214 inopinantes,
903 2134 981 2212 qudd
1001 2151 1106 2210 magna

114 2212 210 2272 subito
224 2223 286 2271 erat
300 2224 397 2272 coorta
417 2224 580 2290 oempestas,
597 2217 632 2272 ab
646 2218 750 2274 nostris
762 2215 975 2293 opprimuntur:
997 2212 1106 2273 exerci-

113 2301 161 2351 tur
182 2291 392 2367 equitatusque,
411 2292 553 2368 equitibus
577 2293 718 2352 Romanis
739 2295 1013 2361 administrantibus,
1034 2311 1104 2368 quos

113 2370 143 2428 ei
157 2370 272 2446 negotio
284 2371 460 2448 prefecerat,
475 2371 605 2429 celeriter
626 2373 833 2430 transmittitur.
874 2372 940 2430 Uno
953 2370 1013 2430 fere
1034 2383 1106 2430 tem·
1121 2373 1161 2429 25

113 2467 183 2525 pore
198 2450 251 2506 sub
270 2449 365 2508 luceru
389 2450 518 2508 hostibus
530 2451 694 2517 nunciatur,
717 2451 764 2506 ‘in
785 2449 885 2506 castris
906 2449 1104 2506 Romanorum

113 2537 218 2604 praeter
244 2528 483 2586 consuetudinem
506 2529 681 2595 tumultuari,
708 2539 737 2585 et
763 2544 900 2602 magnum
933 2526 974 2583 ire
1001 2544 1104 2600 agmen

114 2606 236 2664 adverso
256 2605 384 2674 flumine,
399 2608 578 2682 sonitumque
596 2625 738 2664 remorum
760 2605 789 2662 in
803 2605 904 2661 erdem
925 2613 1006 2678 parte
1019 2621 1105 2659 exeu-
1171 2668 1175 2674 Ι

115 2683 182 2752 diri,
209 2695 239 2742 et
263 2684 350 2760 paulb
375 2685 450 2744 infra
464 2685 580 2743 milites
603 2685 724 2742 navibus
746 2681 947 2758 transportari!
988 2679 1105 2742 Quibus

115 2763 202 2821 rebus
217 2763 331 2831 auditis,
340 2763 417 2838 qudd
427 2765 639 2831 existimabant,
653 2765 744 2821 tribus
753 2763 824 2821 locis
836 2761 957 2820 transire
967 2758 1104 2836 legiones,
1122 2761 1158 2816 3⁰

115 2852 202 2916 atque
215 2861 325 2910 omnes,
337 2845 514 2918 perturbatos
525 2843 685 2902 defectione
700 2843 870 2908 AEduorum,
885 2841 981 2916 sugam
995 2855 1105 2915 parare,

116 2939 183 2978 suas
207 2939 319 2997 quoque
342 2921 440 2997 copias
461 2923 491 2980 in
512 2933 570 2980 tres
589 2932 684 2998 partes
707 2922 920 2979 distribuerunt
970 2917 1055 2982 Nam,
1076 2927 1107 2974 et

114 2999 250 3076 presidio
263 3017 280 3056 e
294 3001 410 3076 regione
429 3012 586 3066 castrorum
599 3000 708 3067 relicto,
723 3011 752 3058 et
771 3000 858 3076 parad
871 3016 958 3054 manu
973 2994 1107 3052 Metiose-

114 3077 185 3136 dum
200 3076 299 3136 versus
315 3079 411 3145 misssi,
426 3079 614 3155 quatentium
628 3080 853 3155 progrederetur,
867 3073 1006 3153 quantum
1018 3092 1107 3132 naves

115 3156 332 3233 processissent,
346 3158 470 3233 reliquas
484 3158 585 3234 copias
594 3169 694 3216 contre
707 3157 868 3216 Labienum
881 3157 1032 3214 duxerunt.
1124 3155 1160 3228 ἦ

156 3234 256 3292 LXII.
298 3235 394 3294 Prima
416 3237 480 3296 luce
501 3249 530 3294 et
543 3238 631 3294 nostri
651 3257 752 3296 omnes
772 3246 854 3294 erant
867 3231 1057 3309 transportati,
1078 3241 1107 3288 θῑ

115 3313 242 3372 hostium
257 3313 334 3372 acies
347 3317 526 3373 cernebatur.
569 3317 723 3384 Labienus,
739 3316 843 3373 milites
862 3313 1035 3374 cohortatus,
1052 3307 1108 3366 ‘Ut

115 3411 175 3449 suae
197 3391 325 3468 pristinae
339 3393 450 3452 virtutis
470 3405 498 3451 et
518 3405 559 3451 tot
580 3395 850 3452 secundissimorum
871 3389 1031 3466 praliorum
1049 3407 1108 3447 me·

114 3471 236 3529 moriam
255 3471 421 3540 retinerent,
436 3483 520 3548 atque
541 3473 633 3549 ipsum
648 3474 801 3538 Cesarem,
816 3470 898 3545 cujus
918 3469 1007 3526 ductu
1021 3485 1109 3545 sape-

113 3567 238 3608 numero
258 3549 354 3608 hostes
375 3552 566 3627 superdssent
579 3562 749 3628 praesentem
772 3551 871 3608 adesse
891 3547 1107 3615 existimarent)
1126 3549 1165 3605 40

114 3628 167 3686 dat
186 3628 302 3704 signum
325 3630 424 3705 praelii.
473 3630 731 3689 Primoconcursu
755 3629 791 3685 ab
815 3628 915 3686 dextro
937 3645 1037 3694 cornu,
1058 3627 1109 3683 ubi

114 3706 239 3782 septima
260 3704 336 3784 legio
359 3709 534 3776 constiterat,
557 3710 652 3766 hostes
675 3708 827 3784 pelluntur,
850 3716 934 3782 atque
958 3706 988 3765 in
1012 3706 1109 3780 fugam

113 3784 334 3861 conjiciuntur:
369 3788 405 3845 ab
437 3788 562 3855 sinistro,
595 3805 679 3863 quem
705 3786 801 3844 locum
831 3786 1002 3844 duodecima
1033 3782 1109 3856 legio

112 3865 347 3942 tenebramini
367 3866 452 3943 primi
472 3867 588 3925 ordines
605 3865 728 3924 hostium
741 3865 870 3928 transfixi
882 3865 948 3942 pilis
968 3858 1109 3919 concidis·
