<?xml version="1.0" encoding="UTF-8"?>
<!DOCTYPE html PUBLIC "-//W3C//DTD XHTML 1.0 Transitional//EN"
    "http://www.w3.org/TR/xhtml1/DTD/xhtml1-transitional.dtd">
<html xmlns="http://www.w3.org/1999/xhtml" xml:lang="en" lang="en">
 <head>
  <title>
</title>
<meta http-equiv="Content-Type" content="text/html;charset=utf-8" />
  <meta name='ocr-system' content='tesseract 3.04.00' />
  <meta name='ocr-capabilities' content='ocr_page ocr_carea ocr_par ocr_line ocrx_word'/>
</head>
<body>
  <div class='ocr_page' id='page_1' title='image "./commentariidebe00levegoog_0159.png"; bbox 0 0 2562 4412; ppageno 0'>
   <div class='ocr_carea' id='block_1_1' title="bbox 130 352 852 422">
    <p class='ocr_par' dir='ltr' id='par_1_1' title="bbox 130 352 852 422">
     <span class='ocr_line' id='line_1_1' title="bbox 130 352 852 422; baseline -0.004 -15"><span class='ocrx_word' id='word_1_1' title='bbox 130 359 188 422; x_wconf 60' lang='grc' dir='ltr'>ιω</span> <span class='ocrx_word' id='word_1_2' title='bbox 277 393 283 408; x_wconf 87' lang='grc'><strong><em>,</em></strong></span> <span class='ocrx_word' id='word_1_3' title='bbox 492 355 541 406; x_wconf 84' lang='lat' dir='ltr'>nn</span> <span class='ocrx_word' id='word_1_4' title='bbox 557 353 675 408; x_wconf 77' lang='lat' dir='ltr'>nacco</span> <span class='ocrx_word' id='word_1_5' title='bbox 692 352 852 406; x_wconf 73' lang='lat' dir='ltr'>eunuco</span> 
     </span>
    </p>
   </div>
   <div class='ocr_carea' id='block_1_2' title="bbox 117 495 1228 1915">
    <p class='ocr_par' dir='ltr' id='par_1_2' title="bbox 117 495 1228 1915">
     <span class='ocr_line' id='line_1_2' title="bbox 178 495 1177 594; baseline -0.002 -32"><span class='ocrx_word' id='word_1_6' title='bbox 178 501 253 577; x_wconf 82' lang='lat' dir='ltr'>apud</span> <span class='ocrx_word' id='word_1_7' title='bbox 267 499 403 558; x_wconf 88' lang='lat' dir='ltr'>barbaros</span> <span class='ocrx_word' id='word_1_8' title='bbox 423 497 621 558; x_wconf 87' lang='lat' dir='ltr'>auctoritatem</span> <span class='ocrx_word' id='word_1_9' title='bbox 642 499 771 566; x_wconf 86' lang='lat' dir='ltr'>haberet,</span> <span class='ocrx_word' id='word_1_10' title='bbox 791 497 927 574; x_wconf 90' lang='lat' dir='ltr'>oppidum</span> <span class='ocrx_word' id='word_1_11' title='bbox 944 495 1177 594; x_wconf 83' lang='lat' dir='ltr'><strong>Uxellodunum,</strong></span> 
     </span>
     <span class='ocr_line' id='line_1_3' title="bbox 176 575 1177 655; baseline 0.003 -18"><span class='ocrx_word' id='word_1_12' title='bbox 176 579 273 655; x_wconf 90' lang='lat' dir='ltr'>quod</span> <span class='ocrx_word' id='word_1_13' title='bbox 266 598 296 637; x_wconf 88' lang='lat' dir='ltr'>ru</span> <span class='ocrx_word' id='word_1_14' title='bbox 318 579 453 637; x_wconf 77' lang='lat' dir='ltr'>clientela</span> <span class='ocrx_word' id='word_1_15' title='bbox 476 579 567 636; x_wconf 81' lang='lat' dir='ltr'>linerat</span> <span class='ocrx_word' id='word_1_16' title='bbox 586 579 658 654; x_wconf 88' lang='lat' dir='ltr'>ejus,</span> <span class='ocrx_word' id='word_1_17' title='bbox 673 577 776 636; x_wconf 89' lang='lat' dir='ltr'>natura</span> <span class='ocrx_word' id='word_1_18' title='bbox 796 576 853 634; x_wconf 89' lang='lat' dir='ltr'>loci</span> <span class='ocrx_word' id='word_1_19' title='bbox 873 575 989 653; x_wconf 75' lang='lat' dir='ltr'>egregie</span> <span class='ocrx_word' id='word_1_20' title='bbox 1014 578 1177 650; x_wconf 78' lang='lat' dir='ltr'>munituna,</span> 
     </span>
     <span class='ocr_line' id='line_1_4' title="bbox 176 655 1176 734; baseline -0.001 -16"><span class='ocrx_word' id='word_1_21' title='bbox 176 669 300 734; x_wconf 83' lang='lat' dir='ltr'>occupat</span> <span class='ocrx_word' id='word_1_22' title='bbox 312 657 373 716; x_wconf 86' lang='lat' dir='ltr'>suis</span> <span class='ocrx_word' id='word_1_23' title='bbox 390 669 420 716; x_wconf 87' lang='lat' dir='ltr'>et</span> <span class='ocrx_word' id='word_1_24' title='bbox 433 657 585 734; x_wconf 71' lang='lat' dir='ltr'>Drappetis</span> <span class='ocrx_word' id='word_1_25' title='bbox 599 657 699 732; x_wconf 89' lang='lat' dir='ltr'>copiis,</span> <span class='ocrx_word' id='word_1_26' title='bbox 713 656 927 732; x_wconf 74' lang='lat' dir='ltr'>oppidanosque</span> <span class='ocrx_word' id='word_1_27' title='bbox 941 655 996 713; x_wconf 90' lang='lat' dir='ltr'>sibi</span> <span class='ocrx_word' id='word_1_28' title='bbox 1010 657 1176 734; x_wconf 82' lang='lat' dir='ltr'>conjungit</span> 
     </span>
     <span class='ocr_line' id='line_1_5' title="bbox 215 734 1214 811; baseline -0.002 -15"><span class='ocrx_word' id='word_1_29' title='bbox 215 735 367 796; x_wconf 86' lang='lat' dir='ltr'><strong>XXXIII.</strong></span> <span class='ocrx_word' id='word_1_30' title='bbox 408 735 479 800; x_wconf 77' lang='lat' dir='ltr'>Qut</span> <span class='ocrx_word' id='word_1_31' title='bbox 512 755 599 811; x_wconf 92' lang='lat' dir='ltr'>quum</span> <span class='ocrx_word' id='word_1_32' title='bbox 625 735 776 794; x_wconf 78' lang='lat' dir='ltr'>confestim</span> <span class='ocrx_word' id='word_1_33' title='bbox 803 734 838 792; x_wconf 92' lang='lat' dir='ltr'>C.</span> <span class='ocrx_word' id='word_1_34' title='bbox 866 734 1008 792; x_wconf 87' lang='lat' dir='ltr'>Caninius</span> <span class='ocrx_word' id='word_1_35' title='bbox 1034 736 1176 805; x_wconf 87' lang='lat' dir='ltr'>venisset,</span> <span class='ocrx_word' id='word_1_36' title='bbox 1208 746 1214 758; x_wconf 88' lang='lat'>&#39;</span> 
     </span>
     <span class='ocr_line' id='line_1_6' title="bbox 143 813 1177 903; baseline 0 -31"><span class='ocrx_word' id='word_1_37' title='bbox 143 819 161 872; x_wconf 80' lang='lat'><strong>5</strong></span> <span class='ocrx_word' id='word_1_38' title='bbox 177 816 481 890; x_wconf 83' lang='lat' dir='ltr'>animadverteretque</span> <span class='ocrx_word' id='word_1_39' title='bbox 494 834 594 872; x_wconf 90' lang='lat' dir='ltr'>ornnes</span> <span class='ocrx_word' id='word_1_40' title='bbox 616 814 714 891; x_wconf 89' lang='lat' dir='ltr'>oppidi</span> <span class='ocrx_word' id='word_1_41' title='bbox 733 824 828 889; x_wconf 90' lang='lat' dir='ltr'>partes</span> <span class='ocrx_word' id='word_1_42' title='bbox 841 813 992 903; x_wconf 76' lang='lat' dir='ltr'>preruptis</span> <span class='ocrx_word' id='word_1_43' title='bbox 1012 813 1091 874; x_wconf 80' lang='lat' dir='ltr'>saxis</span> <span class='ocrx_word' id='word_1_44' title='bbox 1108 834 1177 878; x_wconf 86' lang='lat' dir='ltr'>esse</span> 
     </span>
     <span class='ocr_line' id='line_1_7' title="bbox 176 891 1228 970; baseline -0.001 -18"><span class='ocrx_word' id='word_1_45' title='bbox 176 895 311 962; x_wconf 88' lang='lat' dir='ltr'>munitas,</span> <span class='ocrx_word' id='word_1_46' title='bbox 335 893 404 970; x_wconf 80' lang='lat' dir='ltr'>qud,</span> <span class='ocrx_word' id='word_1_47' title='bbox 430 894 602 951; x_wconf 84' lang='lat' dir='ltr'>defendente</span> <span class='ocrx_word' id='word_1_48' title='bbox 629 893 717 965; x_wconf 87' lang='lat' dir='ltr'>nullo,</span> <span class='ocrx_word' id='word_1_49' title='bbox 744 903 841 950; x_wconf 90' lang='lat' dir='ltr'>tamen</span> <span class='ocrx_word' id='word_1_50' title='bbox 869 891 986 950; x_wconf 77' lang='lat' dir='ltr'>mmati&#39;s</span> <span class='ocrx_word' id='word_1_51' title='bbox 1013 895 1176 952; x_wconf 86' lang='lat' dir='ltr'>ascendere</span> <span class='ocrx_word' id='word_1_52' title='bbox 1225 929 1228 936; x_wconf 39' lang='grc' dir='ltr'>ι</span> 
     </span>
     <span class='ocr_line' id='line_1_8' title="bbox 176 969 1175 1048; baseline -0.002 -16"><span class='ocrx_word' id='word_1_53' title='bbox 176 984 252 1032; x_wconf 86' lang='lat' dir='ltr'>esset</span> <span class='ocrx_word' id='word_1_54' title='bbox 285 972 423 1044; x_wconf 89' lang='lat' dir='ltr'>difficile;</span> <span class='ocrx_word' id='word_1_55' title='bbox 456 991 563 1048; x_wconf 86' lang='lat' dir='ltr'>magna</span> <span class='ocrx_word' id='word_1_56' title='bbox 596 983 692 1032; x_wconf 90' lang='lat' dir='ltr'>autem</span> <span class='ocrx_word' id='word_1_57' title='bbox 725 969 930 1047; x_wconf 88' lang='lat' dir='ltr'>impedimenta</span> <span class='ocrx_word' id='word_1_58' title='bbox 962 970 1175 1046; x_wconf 67' lang='lat' dir='ltr'>oppidanorum</span> 
     </span>
     <span class='ocr_line' id='line_1_9' title="bbox 176 1049 1173 1128; baseline 0 -18"><span class='ocrx_word' id='word_1_59' title='bbox 176 1053 294 1121; x_wconf 86' lang='lat' dir='ltr'>rideret,</span> <span class='ocrx_word' id='word_1_60' title='bbox 320 1071 384 1127; x_wconf 72' lang='lat' dir='ltr'>quaa</span> <span class='ocrx_word' id='word_1_61' title='bbox 416 1050 440 1108; x_wconf 90' lang='lat' dir='ltr'>si</span> <span class='ocrx_word' id='word_1_62' title='bbox 473 1050 653 1110; x_wconf 88' lang='lat' dir='ltr'>clandestina</span> <span class='ocrx_word' id='word_1_63' title='bbox 686 1050 793 1128; x_wconf 67' lang='lat' dir='ltr'>fugi</span> <span class='ocrx_word' id='word_1_64' title='bbox 787 1049 954 1119; x_wconf 82' lang='lat' dir='ltr'>subtrahere</span> <span class='ocrx_word' id='word_1_65' title='bbox 985 1062 1173 1120; x_wconf 81' lang='lat' dir='ltr'>conarentur,</span> 
     </span>
     <span class='ocr_line' id='line_1_10' title="bbox 176 1113 1174 1207; baseline -0.001 -19"><span class='ocrx_word' id='word_1_66' title='bbox 176 1131 302 1207; x_wconf 83' lang='lat' dir='ltr'>effugere</span> <span class='ocrx_word' id='word_1_67' title='bbox 322 1151 382 1189; x_wconf 90' lang='lat' dir='ltr'>non</span> <span class='ocrx_word' id='word_1_68' title='bbox 405 1129 491 1188; x_wconf 83' lang='lat' dir='ltr'>modb</span> <span class='ocrx_word' id='word_1_69' title='bbox 510 1131 678 1206; x_wconf 82' lang='lat' dir='ltr'>equitatum,</span> <span class='ocrx_word' id='word_1_70' title='bbox 693 1129 744 1186; x_wconf 88' lang='lat' dir='ltr'>sed</span> <span class='ocrx_word' id='word_1_71' title='bbox 764 1117 802 1187; x_wconf 78' lang='lat' dir='ltr'>ne</span> <span class='ocrx_word' id='word_1_72' title='bbox 825 1113 954 1204; x_wconf 88' lang='lat' dir='ltr'>legiones</span> <span class='ocrx_word' id='word_1_73' title='bbox 978 1127 1096 1203; x_wconf 91' lang='lat' dir='ltr'>quidem</span> <span class='ocrx_word' id='word_1_74' title='bbox 1109 1149 1174 1205; x_wconf 90' lang='lat' dir='ltr'>pos·</span> 
     </span>
     <span class='ocr_line' id='line_1_11' title="bbox 127 1207 1209 1286; baseline 0.001 -20"><span class='ocrx_word' id='word_1_75' title='bbox 127 1213 163 1266; x_wconf 88' lang='lat'>10</span> <span class='ocrx_word' id='word_1_76' title='bbox 176 1225 258 1268; x_wconf 89' lang='lat' dir='ltr'>sent:</span> <span class='ocrx_word' id='word_1_77' title='bbox 292 1208 434 1286; x_wconf 71' lang='lat' dir='ltr'>tripartiti)</span> <span class='ocrx_word' id='word_1_78' title='bbox 459 1210 622 1268; x_wconf 78' lang='lat' dir='ltr'>cohortibus</span> <span class='ocrx_word' id='word_1_79' title='bbox 649 1207 756 1274; x_wconf 84' lang='lat' dir='ltr'>divisis,</span> <span class='ocrx_word' id='word_1_80' title='bbox 783 1207 859 1266; x_wconf 86' lang='lat' dir='ltr'>trina</span> <span class='ocrx_word' id='word_1_81' title='bbox 884 1207 1081 1266; x_wconf 82' lang='lat' dir='ltr'>excelsissimo</span> <span class='ocrx_word' id='word_1_82' title='bbox 1108 1209 1173 1268; x_wconf 90' lang='lat' dir='ltr'>loco</span> <span class='ocrx_word' id='word_1_83' title='bbox 1205 1267 1209 1274; x_wconf 81' lang='grc'><em>,</em></span> 
     </span>
     <span class='ocr_line' id='line_1_12' title="bbox 177 1284 1195 1377; baseline 0.002 -31"><span class='ocrx_word' id='word_1_84' title='bbox 177 1299 271 1346; x_wconf 87' lang='lat' dir='ltr'>castra</span> <span class='ocrx_word' id='word_1_85' title='bbox 291 1289 370 1356; x_wconf 86' lang='lat' dir='ltr'>fecit,</span> <span class='ocrx_word' id='word_1_86' title='bbox 386 1288 518 1377; x_wconf 83' lang='lat' dir='ltr'>aquibus</span> <span class='ocrx_word' id='word_1_87' title='bbox 534 1287 687 1376; x_wconf 88' lang='lat' dir='ltr'>paulatim,</span> <span class='ocrx_word' id='word_1_88' title='bbox 706 1284 846 1376; x_wconf 80' lang='lat' dir='ltr'>quantum</span> <span class='ocrx_word' id='word_1_89' title='bbox 867 1285 957 1362; x_wconf 81' lang='lat' dir='ltr'>oopiae</span> <span class='ocrx_word' id='word_1_90' title='bbox 976 1285 1172 1361; x_wconf 83' lang='lat' dir='ltr'>patiebantur,</span> <span class='ocrx_word' id='word_1_91' title='bbox 1193 1305 1195 1308; x_wconf 89' lang='grc'><strong><em>·</em></strong></span> 
     </span>
     <span class='ocr_line' id='line_1_13' title="bbox 176 1363 869 1444; baseline -0.003 -20"><span class='ocrx_word' id='word_1_92' title='bbox 176 1368 303 1426; x_wconf 83' lang='lat' dir='ltr'>vallum</span> <span class='ocrx_word' id='word_1_93' title='bbox 296 1388 326 1425; x_wconf 89' lang='grc' dir='ltr'>ιιι</span> <span class='ocrx_word' id='word_1_94' title='bbox 339 1368 437 1444; x_wconf 89' lang='lat' dir='ltr'>oppidi</span> <span class='ocrx_word' id='word_1_95' title='bbox 450 1365 602 1424; x_wconf 91' lang='lat' dir='ltr'>circuitum</span> <span class='ocrx_word' id='word_1_96' title='bbox 617 1365 744 1422; x_wconf 87' lang='lat' dir='ltr'>ducere</span> <span class='ocrx_word' id='word_1_97' title='bbox 737 1363 869 1422; x_wconf 84' lang='lat' dir='ltr'>instituit</span> 
     </span>
     <span class='ocr_line' id='line_1_14' title="bbox 216 1442 1172 1518; baseline 0.001 -17"><span class='ocrx_word' id='word_1_98' title='bbox 216 1445 363 1502; x_wconf 86' lang='lat' dir='ltr'><strong>XXXIV.</strong></span> <span class='ocrx_word' id='word_1_99' title='bbox 402 1445 493 1506; x_wconf 80' lang='lat' dir='ltr'>Quod</span> <span class='ocrx_word' id='word_1_100' title='bbox 526 1463 613 1518; x_wconf 89' lang='lat' dir='ltr'>quum</span> <span class='ocrx_word' id='word_1_101' title='bbox 645 1443 772 1500; x_wconf 88' lang='lat' dir='ltr'>animum</span> <span class='ocrx_word' id='word_1_102' title='bbox 807 1444 986 1501; x_wconf 89' lang='lat' dir='ltr'>adverterent</span> <span class='ocrx_word' id='word_1_103' title='bbox 1017 1442 1172 1518; x_wconf 81' lang='lat' dir='ltr'>oppidani,</span> 
     </span>
     <span class='ocr_line' id='line_1_15' title="bbox 117 1521 1173 1598; baseline 0.004 -20"><span class='ocrx_word' id='word_1_104' title='bbox 117 1587 121 1596; x_wconf 91' lang='lat'>.</span> <span class='ocrx_word' id='word_1_105' title='bbox 177 1521 391 1598; x_wconf 88' lang='lat' dir='ltr'>miserrimaque</span> <span class='ocrx_word' id='word_1_106' title='bbox 413 1523 521 1580; x_wconf 82' lang='lat' dir='ltr'>Alesiae</span> <span class='ocrx_word' id='word_1_107' title='bbox 541 1522 679 1580; x_wconf 88' lang='lat' dir='ltr'>memoria</span> <span class='ocrx_word' id='word_1_108' title='bbox 706 1521 820 1580; x_wconf 79' lang='lat' dir='ltr'>solliciti</span> <span class='ocrx_word' id='word_1_109' title='bbox 847 1521 970 1579; x_wconf 84' lang='lat' dir='ltr'>similem</span> <span class='ocrx_word' id='word_1_110' title='bbox 995 1539 1097 1580; x_wconf 86' lang='lat' dir='ltr'>casum</span> <span class='ocrx_word' id='word_1_111' title='bbox 1119 1523 1173 1582; x_wconf 88' lang='lat' dir='ltr'>ob·</span> 
     </span>
     <span class='ocr_line' id='line_1_16' title="bbox 128 1599 1172 1678; baseline -0.002 -18"><span class='ocrx_word' id='word_1_112' title='bbox 128 1603 161 1660; x_wconf 78' lang='lat'>1⁵</span> <span class='ocrx_word' id='word_1_113' title='bbox 177 1601 311 1660; x_wconf 83' lang='lat' dir='ltr'>sessionis</span> <span class='ocrx_word' id='word_1_114' title='bbox 332 1611 516 1678; x_wconf 85' lang='lat' dir='ltr'>vererentur;</span> <span class='ocrx_word' id='word_1_115' title='bbox 536 1600 717 1678; x_wconf 73' lang='lat' dir='ltr'>maximeque</span> <span class='ocrx_word' id='word_1_116' title='bbox 731 1620 767 1658; x_wconf 86' lang='lat' dir='ltr'>err</span> <span class='ocrx_word' id='word_1_117' title='bbox 786 1601 920 1660; x_wconf 90' lang='lat' dir='ltr'>omnibus</span> <span class='ocrx_word' id='word_1_118' title='bbox 941 1599 1106 1670; x_wconf 84' lang='lat' dir='ltr'>Lucterius,</span> <span class='ocrx_word' id='word_1_119' title='bbox 1120 1602 1172 1676; x_wconf 92' lang='lat' dir='ltr'>qui</span> 
     </span>
     <span class='ocr_line' id='line_1_17' title="bbox 149 1645 1172 1757; baseline 0.002 -19.056"><span class='ocrx_word' id='word_1_120' title='bbox 149 1679 297 1740; x_wconf 81' lang='lat' dir='ltr'>fortune</span> <span class='ocrx_word' id='word_1_121' title='bbox 311 1667 386 1738; x_wconf 80' lang='lat' dir='ltr'>illitis</span> <span class='ocrx_word' id='word_1_122' title='bbox 406 1645 565 1757; x_wconf 87' lang='lat' dir='ltr'>periculum</span> <span class='ocrx_word' id='word_1_123' title='bbox 580 1681 695 1748; x_wconf 89' lang='lat' dir='ltr'>fecerat,</span> <span class='ocrx_word' id='word_1_124' title='bbox 717 1690 856 1747; x_wconf 89' lang='lat' dir='ltr'>moneret,</span> <span class='ocrx_word' id='word_1_125' title='bbox 871 1679 1013 1738; x_wconf 78' lang='lat' dir='ltr'>frumenti</span> <span class='ocrx_word' id='word_1_126' title='bbox 1027 1679 1172 1743; x_wconf 87' lang='lat' dir='ltr'>rationem</span> 
     </span>
     <span class='ocr_line' id='line_1_18' title="bbox 176 1758 1172 1834; baseline 0 -18"><span class='ocrx_word' id='word_1_127' title='bbox 176 1778 240 1816; x_wconf 89' lang='lat' dir='ltr'>esse</span> <span class='ocrx_word' id='word_1_128' title='bbox 267 1760 451 1819; x_wconf 86' lang='lat' dir='ltr'>habendam:</span> <span class='ocrx_word' id='word_1_129' title='bbox 483 1758 672 1818; x_wconf 89' lang='lat' dir='ltr'>constituunt</span> <span class='ocrx_word' id='word_1_130' title='bbox 685 1759 813 1817; x_wconf 88' lang='lat' dir='ltr'>omnium</span> <span class='ocrx_word' id='word_1_131' title='bbox 840 1772 993 1826; x_wconf 89' lang='lat' dir='ltr'>consensu,</span> <span class='ocrx_word' id='word_1_132' title='bbox 1019 1769 1102 1834; x_wconf 87' lang='lat' dir='ltr'>parte</span> <span class='ocrx_word' id='word_1_133' title='bbox 1130 1759 1172 1818; x_wconf 87' lang='lat' dir='ltr'>ibi</span> 
     </span>
     <span class='ocr_line' id='line_1_19' title="bbox 177 1837 1173 1915; baseline 0.001 -20"><span class='ocrx_word' id='word_1_134' title='bbox 177 1838 277 1896; x_wconf 83' lang='lat' dir='ltr'>relicttl</span> <span class='ocrx_word' id='word_1_135' title='bbox 291 1839 447 1915; x_wconf 89' lang='lat' dir='ltr'>copiarum,</span> <span class='ocrx_word' id='word_1_136' title='bbox 463 1839 517 1915; x_wconf 91' lang='lat' dir='ltr'>ipsi</span> <span class='ocrx_word' id='word_1_137' title='bbox 530 1859 597 1896; x_wconf 89' lang='lat' dir='ltr'>cum</span> <span class='ocrx_word' id='word_1_138' title='bbox 611 1837 751 1914; x_wconf 88' lang='lat' dir='ltr'>expeditis</span> <span class='ocrx_word' id='word_1_139' title='bbox 768 1838 803 1896; x_wconf 86' lang='lat' dir='ltr'>ad</span> <span class='ocrx_word' id='word_1_140' title='bbox 817 1837 1030 1914; x_wconf 84' lang='lat' dir='ltr'>importandum</span> <span class='ocrx_word' id='word_1_141' title='bbox 1045 1837 1173 1897; x_wconf 88' lang='lat' dir='ltr'>frumen·</span> 
     </span>
    </p>
   </div>
   <div class='ocr_carea' id='block_1_3' title="bbox 177 1916 1271 1994">
    <p class='ocr_par' dir='ltr' id='par_1_3' title="bbox 177 1916 1271 1994">
     <span class='ocr_line' id='line_1_20' title="bbox 177 1916 1271 1994; baseline 0.002 -19"><span class='ocrx_word' id='word_1_142' title='bbox 177 1928 238 1975; x_wconf 90' lang='lat' dir='ltr'>tum</span> <span class='ocrx_word' id='word_1_143' title='bbox 258 1917 409 1994; x_wconf 78' lang='lat' dir='ltr'>proficisci.</span> <span class='ocrx_word' id='word_1_144' title='bbox 451 1918 495 1977; x_wconf 81' lang='lat' dir='ltr'>Eo</span> <span class='ocrx_word' id='word_1_145' title='bbox 515 1918 638 1976; x_wconf 89' lang='lat' dir='ltr'>concilio</span> <span class='ocrx_word' id='word_1_146' title='bbox 657 1918 785 1994; x_wconf 90' lang='lat' dir='ltr'>probato,</span> <span class='ocrx_word' id='word_1_147' title='bbox 795 1916 926 1992; x_wconf 73' lang='lat' dir='ltr'>proximat</span> <span class='ocrx_word' id='word_1_148' title='bbox 946 1926 1044 1984; x_wconf 91' lang='lat' dir='ltr'>nocte,</span> <span class='ocrx_word' id='word_1_149' title='bbox 1058 1917 1172 1976; x_wconf 85' lang='lat' dir='ltr'>duobus</span> <span class='ocrx_word' id='word_1_150' title='bbox 1270 1951 1271 1962; x_wconf 47' lang='grc' dir='ltr'>ι</span> 
     </span>
    </p>
   </div>
   <div class='ocr_carea' id='block_1_4' title="bbox 125 1994 1173 2384">
    <p class='ocr_par' dir='ltr' id='par_1_4' title="bbox 125 1994 1172 2384">
     <span class='ocr_line' id='line_1_21' title="bbox 125 1994 1172 2072; baseline 0 -18"><span class='ocrx_word' id='word_1_151' title='bbox 125 1999 162 2054; x_wconf 67' lang='lat'>20</span> <span class='ocrx_word' id='word_1_152' title='bbox 177 1996 303 2056; x_wconf 90' lang='lat' dir='ltr'>millibus</span> <span class='ocrx_word' id='word_1_153' title='bbox 326 2007 497 2056; x_wconf 86' lang='lat' dir='ltr'>armatorum</span> <span class='ocrx_word' id='word_1_154' title='bbox 519 1997 635 2064; x_wconf 89' lang='lat' dir='ltr'>relictis,</span> <span class='ocrx_word' id='word_1_155' title='bbox 657 1996 780 2072; x_wconf 89' lang='lat' dir='ltr'>reliquos</span> <span class='ocrx_word' id='word_1_156' title='bbox 803 2015 839 2052; x_wconf 87' lang='lat' dir='ltr'>err</span> <span class='ocrx_word' id='word_1_157' title='bbox 859 1995 964 2072; x_wconf 92' lang='lat' dir='ltr'>oppido</span> <span class='ocrx_word' id='word_1_158' title='bbox 987 1994 1119 2072; x_wconf 85' lang='lat' dir='ltr'>Drappes</span> <span class='ocrx_word' id='word_1_159' title='bbox 1141 2005 1172 2054; x_wconf 85' lang='lat' dir='ltr'>et</span> 
     </span>
     <span class='ocr_line' id='line_1_22' title="bbox 177 2073 1173 2151; baseline 0 -20"><span class='ocrx_word' id='word_1_160' title='bbox 177 2073 329 2134; x_wconf 87' lang='lat' dir='ltr'>Lucterius</span> <span class='ocrx_word' id='word_1_161' title='bbox 348 2077 495 2133; x_wconf 85' lang='lat' dir='ltr'>educunt:</span> <span class='ocrx_word' id='word_1_162' title='bbox 517 2075 547 2142; x_wconf 93' lang='lat' dir='ltr'>ii,</span> <span class='ocrx_word' id='word_1_163' title='bbox 561 2095 668 2151; x_wconf 86' lang='lat' dir='ltr'>paucos</span> <span class='ocrx_word' id='word_1_164' title='bbox 682 2075 743 2132; x_wconf 86' lang='lat' dir='ltr'>dics</span> <span class='ocrx_word' id='word_1_165' title='bbox 756 2074 867 2141; x_wconf 91' lang='lat' dir='ltr'>morati,</span> <span class='ocrx_word' id='word_1_166' title='bbox 881 2093 919 2131; x_wconf 83' lang='lat' dir='ltr'>er</span> <span class='ocrx_word' id='word_1_167' title='bbox 938 2073 1045 2130; x_wconf 87' lang='lat' dir='ltr'>finibus</span> <span class='ocrx_word' id='word_1_168' title='bbox 1058 2074 1173 2132; x_wconf 90' lang='lat' dir='ltr'>Cadur·</span> 
     </span>
     <span class='ocr_line' id='line_1_23' title="bbox 176 2153 1170 2250; baseline 0 -40"><span class='ocrx_word' id='word_1_169' title='bbox 176 2171 286 2220; x_wconf 90' lang='lat' dir='ltr'>corutn,</span> <span class='ocrx_word' id='word_1_170' title='bbox 304 2154 353 2229; x_wconf 92' lang='lat' dir='ltr'>qui</span> <span class='ocrx_word' id='word_1_171' title='bbox 372 2153 475 2230; x_wconf 88' lang='lat' dir='ltr'>partim</span> <span class='ocrx_word' id='word_1_172' title='bbox 499 2173 530 2210; x_wconf 91' lang='lat' dir='ltr'>re</span> <span class='ocrx_word' id='word_1_173' title='bbox 551 2153 736 2250; x_wconf 60' lang='lat' dir='ltr'>surmontaria</span> <span class='ocrx_word' id='word_1_174' title='bbox 760 2153 908 2210; x_wconf 87' lang='lat' dir='ltr'>sublevare</span> <span class='ocrx_word' id='word_1_175' title='bbox 931 2171 981 2210; x_wconf 90' lang='lat' dir='ltr'>eos</span> <span class='ocrx_word' id='word_1_176' title='bbox 1002 2153 1170 2229; x_wconf 87' lang='lat' dir='ltr'>cupiebant,</span> 
     </span>
     <span class='ocr_line' id='line_1_24' title="bbox 164 2229 1172 2306; baseline 0.003 -20.033"><span class='ocrx_word' id='word_1_177' title='bbox 164 2231 279 2304; x_wconf 90' lang='lat' dir='ltr'>partim</span> <span class='ocrx_word' id='word_1_178' title='bbox 291 2231 452 2304; x_wconf 91' lang='lat' dir='ltr'>prohibere,</span> <span class='ocrx_word' id='word_1_179' title='bbox 461 2229 518 2305; x_wconf 78' lang='lat' dir='ltr'>qud</span> <span class='ocrx_word' id='word_1_180' title='bbox 528 2230 623 2290; x_wconf 88' lang='lat' dir='ltr'>minus</span> <span class='ocrx_word' id='word_1_181' title='bbox 634 2242 788 2298; x_wconf 85' lang='lat' dir='ltr'>sumerent,</span> <span class='ocrx_word' id='word_1_182' title='bbox 803 2251 861 2290; x_wconf 92' lang='lat' dir='ltr'>non</span> <span class='ocrx_word' id='word_1_183' title='bbox 874 2240 1016 2305; x_wconf 85' lang='lat' dir='ltr'>poterant,</span> <span class='ocrx_word' id='word_1_184' title='bbox 1031 2251 1172 2306; x_wconf 84' lang='lat' dir='ltr'>magnum</span> 
     </span>
     <span class='ocr_line' id='line_1_25' title="bbox 176 2308 1172 2384; baseline 0.003 -21"><span class='ocrx_word' id='word_1_185' title='bbox 176 2316 328 2364; x_wconf 88' lang='lat' dir='ltr'>numerum</span> <span class='ocrx_word' id='word_1_186' title='bbox 349 2308 483 2365; x_wconf 90' lang='lat' dir='ltr'>frumenti</span> <span class='ocrx_word' id='word_1_187' title='bbox 503 2319 688 2384; x_wconf 87' lang='lat' dir='ltr'>comparant:</span> <span class='ocrx_word' id='word_1_188' title='bbox 710 2327 914 2384; x_wconf 82' lang='lat' dir='ltr'>nonnunquam</span> <span class='ocrx_word' id='word_1_189' title='bbox 937 2319 1035 2366; x_wconf 87' lang='lat' dir='ltr'>antem</span> <span class='ocrx_word' id='word_1_190' title='bbox 1055 2309 1172 2384; x_wconf 85' lang='lat' dir='ltr'>expedi-</span> 
     </span>
    </p>
   </div>
   <div class='ocr_carea' id='block_1_5' title="bbox 52 2384 1266 2542">
    <p class='ocr_par' dir='ltr' id='par_1_5' title="bbox 52 2384 1266 2542">
     <span class='ocr_line' id='line_1_26' title="bbox 52 2384 1170 2450; baseline 0.004 -8"><span class='ocrx_word' id='word_1_191' title='bbox 52 2417 57 2426; x_wconf 89' lang='lat'>·</span> <span class='ocrx_word' id='word_1_192' title='bbox 125 2388 161 2442; x_wconf 72' lang='lat'>25</span> <span class='ocrx_word' id='word_1_193' title='bbox 176 2384 302 2444; x_wconf 88' lang='lat' dir='ltr'>tionibus</span> <span class='ocrx_word' id='word_1_194' title='bbox 315 2385 477 2444; x_wconf 80' lang='lat' dir='ltr'>nocturnis.</span> <span class='ocrx_word' id='word_1_195' title='bbox 483 2387 600 2445; x_wconf 87' lang='lat' dir='ltr'>castella</span> <span class='ocrx_word' id='word_1_196' title='bbox 613 2399 773 2445; x_wconf 86' lang='lat' dir='ltr'>nostrorum</span> <span class='ocrx_word' id='word_1_197' title='bbox 795 2387 970 2446; x_wconf 89' lang='lat' dir='ltr'>adoriuntur</span> <span class='ocrx_word' id='word_1_198' title='bbox 1011 2386 1113 2450; x_wconf 82' lang='lat' dir='ltr'>Quam</span> <span class='ocrx_word' id='word_1_199' title='bbox 1130 2389 1170 2446; x_wconf 92' lang='lat' dir='ltr'>ob</span> 
     </span>
     <span class='ocr_line' id='line_1_27' title="bbox 172 2463 1266 2542; baseline 0.004 -22"><span class='ocrx_word' id='word_1_200' title='bbox 172 2466 341 2523; x_wconf 86' lang='lat' dir='ltr'>causamC.</span> <span class='ocrx_word' id='word_1_201' title='bbox 357 2465 497 2524; x_wconf 90' lang='lat' dir='ltr'>Caninius</span> <span class='ocrx_word' id='word_1_202' title='bbox 510 2466 686 2542; x_wconf 91' lang='lat' dir='ltr'>totooppido</span> <span class='ocrx_word' id='word_1_203' title='bbox 699 2466 873 2525; x_wconf 89' lang='lat' dir='ltr'>munitiones</span> <span class='ocrx_word' id='word_1_204' title='bbox 886 2465 1090 2534; x_wconf 87' lang='lat' dir='ltr'>circumdare</span> <span class='ocrx_word' id='word_1_205' title='bbox 1083 2485 1172 2526; x_wconf 85' lang='lat' dir='ltr'>cunc·</span> <span class='ocrx_word' id='word_1_206' title='bbox 1262 2463 1266 2471; x_wconf 81' lang='grc'><strong>“</strong></span> 
     </span>
    </p>
   </div>
   <div class='ocr_carea' id='block_1_6' title="bbox 48 2544 1172 3880">
    <p class='ocr_par' dir='ltr' id='par_1_6' title="bbox 48 2544 1172 3880">
     <span class='ocr_line' id='line_1_28' title="bbox 175 2544 1170 2622; baseline 0.004 -22"><span class='ocrx_word' id='word_1_207' title='bbox 175 2553 312 2611; x_wconf 70' lang='lat' dir='ltr'>tutunus</span> <span class='ocrx_word' id='word_1_208' title='bbox 327 2555 375 2604; x_wconf 85' lang='lat' dir='ltr'>aut</span> <span class='ocrx_word' id='word_1_209' title='bbox 387 2564 458 2621; x_wconf 90' lang='lat' dir='ltr'>opus</span> <span class='ocrx_word' id='word_1_210' title='bbox 471 2545 606 2603; x_wconf 85' lang='lat' dir='ltr'>effectum</span> <span class='ocrx_word' id='word_1_211' title='bbox 619 2545 693 2603; x_wconf 89' lang='lat' dir='ltr'>tueri</span> <span class='ocrx_word' id='word_1_212' title='bbox 706 2563 764 2602; x_wconf 90' lang='lat' dir='ltr'>non</span> <span class='ocrx_word' id='word_1_213' title='bbox 777 2545 876 2621; x_wconf 89' lang='lat' dir='ltr'>possit,</span> <span class='ocrx_word' id='word_1_214' title='bbox 891 2555 940 2602; x_wconf 92' lang='lat' dir='ltr'>aut</span> <span class='ocrx_word' id='word_1_215' title='bbox 952 2544 1085 2622; x_wconf 85' lang='lat' dir='ltr'>plurimis</span> <span class='ocrx_word' id='word_1_216' title='bbox 1097 2545 1170 2604; x_wconf 82' lang='lat' dir='ltr'>locis</span> 
     </span>
     <span class='ocr_line' id='line_1_29' title="bbox 175 2621 602 2722; baseline 0.005 -42"><span class='ocrx_word' id='word_1_217' title='bbox 175 2621 289 2682; x_wconf 89' lang='lat' dir='ltr'>infirma</span> <span class='ocrx_word' id='word_1_218' title='bbox 302 2624 434 2700; x_wconf 85' lang='lat' dir='ltr'>disponat</span> <span class='ocrx_word' id='word_1_219' title='bbox 446 2624 602 2722; x_wconf 73' lang='lat' dir='ltr'>praesidia.</span> 
     </span>
     <span class='ocr_line' id='line_1_30' title="bbox 215 2701 1171 2778; baseline 0.004 -20"><span class='ocrx_word' id='word_1_220' title='bbox 215 2702 344 2760; x_wconf 88' lang='lat' dir='ltr'><strong>XXXV.</strong></span> <span class='ocrx_word' id='word_1_221' title='bbox 387 2701 496 2778; x_wconf 69' lang='lat' dir='ltr'>Magna</span> <span class='ocrx_word' id='word_1_222' title='bbox 523 2703 606 2778; x_wconf 70' lang='lat' dir='ltr'>copiti</span> <span class='ocrx_word' id='word_1_223' title='bbox 637 2703 771 2760; x_wconf 83' lang='lat' dir='ltr'>frumenti</span> <span class='ocrx_word' id='word_1_224' title='bbox 786 2743 791 2748; x_wconf 84' lang='lat'><em>-</em></span> <span class='ocrx_word' id='word_1_225' title='bbox 804 2701 978 2778; x_wconf 87' lang='lat' dir='ltr'>comparata,</span> <span class='ocrx_word' id='word_1_226' title='bbox 1010 2701 1171 2762; x_wconf 89' lang='lat' dir='ltr'>considunt</span> 
     </span>
     <span class='ocr_line' id='line_1_31' title="bbox 124 2778 1172 2857; baseline 0 -19"><span class='ocrx_word' id='word_1_227' title='bbox 124 2783 160 2838; x_wconf 76' lang='grc'>30</span> <span class='ocrx_word' id='word_1_228' title='bbox 175 2778 306 2854; x_wconf 83' lang='lat' dir='ltr'>Drappes</span> <span class='ocrx_word' id='word_1_229' title='bbox 318 2791 347 2837; x_wconf 91' lang='lat' dir='ltr'>et</span> <span class='ocrx_word' id='word_1_230' title='bbox 361 2780 512 2837; x_wconf 89' lang='lat' dir='ltr'>Lucterius</span> <span class='ocrx_word' id='word_1_231' title='bbox 525 2801 583 2838; x_wconf 92' lang='lat' dir='ltr'>non</span> <span class='ocrx_word' id='word_1_232' title='bbox 597 2779 712 2856; x_wconf 74' lang='lat' dir='ltr'>longius</span> <span class='ocrx_word' id='word_1_233' title='bbox 726 2782 762 2838; x_wconf 88' lang='lat' dir='ltr'>ab</span> <span class='ocrx_word' id='word_1_234' title='bbox 775 2781 880 2857; x_wconf 89' lang='lat' dir='ltr'>oppido</span> <span class='ocrx_word' id='word_1_235' title='bbox 893 2781 923 2838; x_wconf 93' lang='lat' dir='ltr'><strong>X</strong></span> <span class='ocrx_word' id='word_1_236' title='bbox 937 2779 1071 2850; x_wconf 87' lang='lat' dir='ltr'>millibus,</span> <span class='ocrx_word' id='word_1_237' title='bbox 1087 2782 1172 2838; x_wconf 90' lang='lat' dir='ltr'>uude</span> 
     </span>
     <span class='ocr_line' id='line_1_32' title="bbox 174 2857 1172 2949; baseline 0.003 -35"><span class='ocrx_word' id='word_1_238' title='bbox 174 2857 311 2948; x_wconf 82' lang='lat' dir='ltr'>paulatim</span> <span class='ocrx_word' id='word_1_239' title='bbox 326 2859 500 2916; x_wconf 89' lang='lat' dir='ltr'>frumentum</span> <span class='ocrx_word' id='word_1_240' title='bbox 514 2859 544 2916; x_wconf 93' lang='lat' dir='ltr'>iu</span> <span class='ocrx_word' id='word_1_241' title='bbox 564 2860 699 2934; x_wconf 90' lang='lat' dir='ltr'>oppidum</span> <span class='ocrx_word' id='word_1_242' title='bbox 713 2869 921 2949; x_wconf 82' lang='lat' dir='ltr'>supportarent.</span> <span class='ocrx_word' id='word_1_243' title='bbox 962 2857 1021 2934; x_wconf 89' lang='lat' dir='ltr'>Ipsi</span> <span class='ocrx_word' id='word_1_244' title='bbox 1041 2857 1118 2915; x_wconf 90' lang='lat' dir='ltr'>inter</span> <span class='ocrx_word' id='word_1_245' title='bbox 1138 2879 1172 2917; x_wconf 86' lang='lat' dir='ltr'>se</span> 
     </span>
     <span class='ocr_line' id='line_1_33' title="bbox 174 2935 1171 3026; baseline 0.003 -33"><span class='ocrx_word' id='word_1_246' title='bbox 174 2935 335 3012; x_wconf 84' lang='lat' dir='ltr'>provincias</span> <span class='ocrx_word' id='word_1_247' title='bbox 358 2935 537 3026; x_wconf 84' lang='lat' dir='ltr'>partiuntur:</span> <span class='ocrx_word' id='word_1_248' title='bbox 566 2937 696 3014; x_wconf 86' lang='lat' dir='ltr'>Drappes</span> <span class='ocrx_word' id='word_1_249' title='bbox 716 2939 818 2996; x_wconf 87' lang='lat' dir='ltr'>castris</span> <span class='ocrx_word' id='word_1_250' title='bbox 840 2937 973 3015; x_wconf 80' lang='lat' dir='ltr'>praesidio</span> <span class='ocrx_word' id='word_1_251' title='bbox 994 2955 1063 2994; x_wconf 85' lang='lat' dir='ltr'>cum</span> <span class='ocrx_word' id='word_1_252' title='bbox 1086 2947 1171 3012; x_wconf 86' lang='lat' dir='ltr'>parte</span> 
     </span>
     <span class='ocr_line' id='line_1_34' title="bbox 175 3015 1170 3094; baseline 0.003 -22"><span class='ocrx_word' id='word_1_253' title='bbox 175 3015 320 3090; x_wconf 89' lang='lat' dir='ltr'>copiarum</span> <span class='ocrx_word' id='word_1_254' title='bbox 336 3016 457 3085; x_wconf 88' lang='lat' dir='ltr'>restitit,</span> <span class='ocrx_word' id='word_1_255' title='bbox 479 3015 631 3074; x_wconf 88' lang='lat' dir='ltr'>Lucterius</span> <span class='ocrx_word' id='word_1_256' title='bbox 650 3037 754 3094; x_wconf 87' lang='lat' dir='ltr'>agmen</span> <span class='ocrx_word' id='word_1_257' title='bbox 765 3018 958 3094; x_wconf 88' lang='lat' dir='ltr'>jumentorum</span> <span class='ocrx_word' id='word_1_258' title='bbox 980 3015 1015 3079; x_wconf 84' lang='lat' dir='ltr'>ad</span> <span class='ocrx_word' id='word_1_259' title='bbox 1028 3015 1170 3092; x_wconf 89' lang='lat' dir='ltr'>oppidum</span> 
     </span>
     <span class='ocr_line' id='line_1_35' title="bbox 174 3093 1171 3184; baseline 0.002 -35"><span class='ocrx_word' id='word_1_260' title='bbox 174 3093 263 3150; x_wconf 93' lang='lat' dir='ltr'>ducit.</span> <span class='ocrx_word' id='word_1_261' title='bbox 305 3095 458 3184; x_wconf 84' lang='lat' dir='ltr'>Dispositis</span> <span class='ocrx_word' id='word_1_262' title='bbox 480 3095 520 3152; x_wconf 93' lang='lat' dir='ltr'>ibi</span> <span class='ocrx_word' id='word_1_263' title='bbox 540 3096 689 3172; x_wconf 87' lang='lat' dir='ltr'>praesidiis,</span> <span class='ocrx_word' id='word_1_264' title='bbox 711 3097 781 3166; x_wconf 78' lang='lat' dir='ltr'>horti</span> <span class='ocrx_word' id='word_1_265' title='bbox 801 3095 894 3154; x_wconf 86' lang='lat' dir='ltr'>noctis</span> <span class='ocrx_word' id='word_1_266' title='bbox 915 3095 1030 3153; x_wconf 89' lang='lat' dir='ltr'>circiter</span> <span class='ocrx_word' id='word_1_267' title='bbox 1051 3094 1092 3162; x_wconf 87' lang='lat' dir='ltr'>X,</span> <span class='ocrx_word' id='word_1_268' title='bbox 1114 3095 1171 3172; x_wconf 86' lang='lat' dir='ltr'>syl·</span> 
     </span>
     <span class='ocr_line' id='line_1_36' title="bbox 48 3172 1170 3248; baseline 0 -16"><span class='ocrx_word' id='word_1_269' title='bbox 48 3182 55 3191; x_wconf 89' lang='lat'><strong><em>‘</em></strong></span> <span class='ocrx_word' id='word_1_270' title='bbox 123 3172 314 3232; x_wconf 59' lang='lat' dir='ltr'>llbvtsstribus</span> <span class='ocrx_word' id='word_1_271' title='bbox 348 3175 531 3248; x_wconf 82' lang='lat' dir='ltr'>angustisque</span> <span class='ocrx_word' id='word_1_272' title='bbox 565 3175 716 3232; x_wconf 89' lang='lat' dir='ltr'>itineribus</span> <span class='ocrx_word' id='word_1_273' title='bbox 749 3175 922 3232; x_wconf 89' lang='lat' dir='ltr'>frumentum</span> <span class='ocrx_word' id='word_1_274' title='bbox 948 3174 1106 3248; x_wconf 89' lang='lat' dir='ltr'>importare</span> <span class='ocrx_word' id='word_1_275' title='bbox 1138 3173 1170 3232; x_wconf 92' lang='lat' dir='ltr'>in</span> 
     </span>
     <span class='ocr_line' id='line_1_37' title="bbox 173 3251 1171 3343; baseline -0.003 -33"><span class='ocrx_word' id='word_1_276' title='bbox 173 3251 327 3342; x_wconf 83' lang='lat' dir='ltr'>oppidum</span> <span class='ocrx_word' id='word_1_277' title='bbox 320 3251 451 3310; x_wconf 82' lang='lat' dir='ltr'>instituit.</span> <span class='ocrx_word' id='word_1_278' title='bbox 491 3252 625 3321; x_wconf 77' lang='lat' dir='ltr'>Quorum</span> <span class='ocrx_word' id='word_1_279' title='bbox 637 3253 785 3343; x_wconf 88' lang='lat' dir='ltr'>strepitum</span> <span class='ocrx_word' id='word_1_280' title='bbox 798 3253 898 3330; x_wconf 78' lang='lat' dir='ltr'>vigiles</span> <span class='ocrx_word' id='word_1_281' title='bbox 909 3264 1067 3310; x_wconf 88' lang='lat' dir='ltr'>castrorum</span> <span class='ocrx_word' id='word_1_282' title='bbox 1078 3269 1171 3326; x_wconf 90' lang='lat' dir='ltr'>quum</span> 
     </span>
     <span class='ocr_line' id='line_1_38' title="bbox 174 3329 1171 3408; baseline 0.001 -20"><span class='ocrx_word' id='word_1_283' title='bbox 174 3331 339 3399; x_wconf 89' lang='lat' dir='ltr'>sensissent,</span> <span class='ocrx_word' id='word_1_284' title='bbox 362 3331 607 3407; x_wconf 82' lang='lat' dir='ltr'>exploratoresque</span> <span class='ocrx_word' id='word_1_285' title='bbox 628 3331 717 3400; x_wconf 87' lang='lat' dir='ltr'>missi,</span> <span class='ocrx_word' id='word_1_286' title='bbox 736 3352 799 3408; x_wconf 86' lang='lat' dir='ltr'>quae</span> <span class='ocrx_word' id='word_1_287' title='bbox 821 3342 984 3408; x_wconf 89' lang='lat' dir='ltr'>agerentur,</span> <span class='ocrx_word' id='word_1_288' title='bbox 999 3329 1171 3389; x_wconf 67' lang='lat' dir='ltr'>renunciis·</span> 
     </span>
     <span class='ocr_line' id='line_1_39' title="bbox 173 3408 1170 3486; baseline 0 -20"><span class='ocrx_word' id='word_1_289' title='bbox 173 3426 253 3480; x_wconf 89' lang='lat' dir='ltr'>sent;</span> <span class='ocrx_word' id='word_1_290' title='bbox 265 3410 416 3470; x_wconf 84' lang='lat' dir='ltr'>Caninius</span> <span class='ocrx_word' id='word_1_291' title='bbox 434 3409 565 3468; x_wconf 90' lang='lat' dir='ltr'>celeriter</span> <span class='ocrx_word' id='word_1_292' title='bbox 585 3429 651 3468; x_wconf 91' lang='lat' dir='ltr'>cum</span> <span class='ocrx_word' id='word_1_293' title='bbox 666 3412 830 3469; x_wconf 88' lang='lat' dir='ltr'>cohortibus</span> <span class='ocrx_word' id='word_1_294' title='bbox 844 3409 960 3470; x_wconf 86' lang='lat' dir='ltr'>armatis</span> <span class='ocrx_word' id='word_1_295' title='bbox 981 3429 1017 3468; x_wconf 86' lang='lat' dir='ltr'>ex</span> <span class='ocrx_word' id='word_1_296' title='bbox 1029 3408 1170 3486; x_wconf 82' lang='lat' dir='ltr'>proximis</span> 
     </span>
     <span class='ocr_line' id='line_1_40' title="bbox 174 3486 1167 3566; baseline -0.001 -21"><span class='ocrx_word' id='word_1_297' title='bbox 174 3490 318 3548; x_wconf 83' lang='lat' dir='ltr'>castellis</span> <span class='ocrx_word' id='word_1_298' title='bbox 311 3511 341 3550; x_wconf 87' lang='grc' dir='ltr'>ιιι</span> <span class='ocrx_word' id='word_1_299' title='bbox 356 3488 556 3550; x_wconf 89' lang='lat' dir='ltr'>frumentarios</span> <span class='ocrx_word' id='word_1_300' title='bbox 569 3489 643 3546; x_wconf 89' lang='lat' dir='ltr'>sub</span> <span class='ocrx_word' id='word_1_301' title='bbox 636 3509 727 3564; x_wconf 83' lang='lat' dir='ltr'>ipsam</span> <span class='ocrx_word' id='word_1_302' title='bbox 747 3491 863 3548; x_wconf 89' lang='lat' dir='ltr'>lucem&#39;</span> <span class='ocrx_word' id='word_1_303' title='bbox 856 3499 993 3566; x_wconf 89' lang='lat' dir='ltr'>rmpeturn</span> <span class='ocrx_word' id='word_1_304' title='bbox 1009 3488 1088 3552; x_wconf 79' lang='lat' dir='ltr'>fecit,</span> <span class='ocrx_word' id='word_1_305' title='bbox 1129 3486 1167 3556; x_wconf 90' lang='lat' dir='ltr'>li,</span> 
     </span>
     <span class='ocr_line' id='line_1_41' title="bbox 124 3567 1168 3666; baseline -0.004 -38"><span class='ocrx_word' id='word_1_306' title='bbox 124 3572 160 3628; x_wconf 78' lang='lat'>40</span> <span class='ocrx_word' id='word_1_307' title='bbox 174 3568 322 3654; x_wconf 81' lang='lat' dir='ltr'>repentino</span> <span class='ocrx_word' id='word_1_308' title='bbox 341 3570 417 3628; x_wconf 88' lang='lat' dir='ltr'>malo</span> <span class='ocrx_word' id='word_1_309' title='bbox 436 3568 587 3666; x_wconf 89' lang='lat' dir='ltr'>perterriti,</span> <span class='ocrx_word' id='word_1_310' title='bbox 609 3568 764 3645; x_wconf 81' lang='lat' dir='ltr'>diffugiunt</span> <span class='ocrx_word' id='word_1_311' title='bbox 788 3569 823 3627; x_wconf 90' lang='lat' dir='ltr'>ad</span> <span class='ocrx_word' id='word_1_312' title='bbox 847 3586 900 3626; x_wconf 89' lang='lat' dir='ltr'>sua</span> <span class='ocrx_word' id='word_1_313' title='bbox 921 3567 1075 3657; x_wconf 80' lang='lat' dir='ltr'>praesidia.</span> <span class='ocrx_word' id='word_1_314' title='bbox 1103 3583 1168 3642; x_wconf 82' lang='lat' dir='ltr'>quta</span> 
     </span>
     <span class='ocr_line' id='line_1_42' title="bbox 174 3643 1167 3722; baseline 0.001 -21"><span class='ocrx_word' id='word_1_315' title='bbox 174 3643 263 3701; x_wconf 89' lang='lat' dir='ltr'>nostri</span> <span class='ocrx_word' id='word_1_316' title='bbox 273 3657 304 3702; x_wconf 92' lang='lat' dir='ltr'>ut</span> <span class='ocrx_word' id='word_1_317' title='bbox 314 3648 457 3722; x_wconf 89' lang='lat' dir='ltr'>viderunt</span> <span class='ocrx_word' id='word_1_318' title='bbox 471 3644 566 3706; x_wconf 83' lang='lat' dir='ltr'>acribo</span> <span class='ocrx_word' id='word_1_319' title='bbox 579 3657 680 3705; x_wconf 87' lang='lat' dir='ltr'>contra</span> <span class='ocrx_word' id='word_1_320' title='bbox 693 3658 816 3706; x_wconf 83' lang='lat' dir='ltr'>armatos</span> <span class='ocrx_word' id='word_1_321' title='bbox 830 3646 952 3713; x_wconf 86' lang='lat' dir='ltr'>incitati,</span> <span class='ocrx_word' id='word_1_322' title='bbox 967 3645 1117 3705; x_wconf 89' lang='lat' dir='ltr'>neminem</span> <span class='ocrx_word' id='word_1_323' title='bbox 1130 3663 1167 3702; x_wconf 85' lang='lat' dir='ltr'>cx</span> 
     </span>
     <span class='ocr_line' id='line_1_43' title="bbox 173 3722 1167 3816; baseline 0.003 -37"><span class='ocrx_word' id='word_1_324' title='bbox 173 3739 209 3779; x_wconf 85' lang='lat' dir='ltr'>eo</span> <span class='ocrx_word' id='word_1_325' title='bbox 232 3737 351 3780; x_wconf 88' lang='lat' dir='ltr'>numero</span> <span class='ocrx_word' id='word_1_326' title='bbox 363 3727 458 3784; x_wconf 88' lang='lat' dir='ltr'>vivum</span> <span class='ocrx_word' id='word_1_327' title='bbox 478 3726 550 3816; x_wconf 89' lang='lat' dir='ltr'>capi</span> <span class='ocrx_word' id='word_1_328' title='bbox 557 3725 711 3802; x_wconf 89' lang='lat' dir='ltr'>patiuntur.</span> <span class='ocrx_word' id='word_1_329' title='bbox 753 3726 863 3802; x_wconf 82' lang='lat' dir='ltr'>Effugit</span> <span class='ocrx_word' id='word_1_330' title='bbox 887 3725 955 3782; x_wconf 92' lang='lat' dir='ltr'>inde</span> <span class='ocrx_word' id='word_1_331' title='bbox 977 3743 1046 3784; x_wconf 88' lang='lat' dir='ltr'>cum</span> <span class='ocrx_word' id='word_1_332' title='bbox 1066 3722 1167 3801; x_wconf 84' lang='lat' dir='ltr'>paucis</span> 
     </span>
     <span class='ocr_line' id='line_1_44' title="bbox 173 3799 725 3880; baseline 0.011 -22"><span class='ocrx_word' id='word_1_333' title='bbox 173 3799 335 3863; x_wconf 90' lang='lat' dir='ltr'>Lucterius,</span> <span class='ocrx_word' id='word_1_334' title='bbox 350 3820 405 3858; x_wconf 87' lang='lat' dir='ltr'>nac</span> <span class='ocrx_word' id='word_1_335' title='bbox 418 3822 449 3866; x_wconf 85' lang='lat' dir='ltr'>se</span> <span class='ocrx_word' id='word_1_336' title='bbox 462 3805 564 3880; x_wconf 90' lang='lat' dir='ltr'>recipit</span> <span class='ocrx_word' id='word_1_337' title='bbox 578 3805 608 3862; x_wconf 92' lang='lat' dir='ltr'>in</span> <span class='ocrx_word' id='word_1_338' title='bbox 624 3817 725 3867; x_wconf 89' lang='lat' dir='ltr'>castra.</span> 
     </span>
    </p>
   </div>
   <div class='ocr_carea' id='block_1_7' title="bbox 213 3875 1167 4004">
    <p class='ocr_par' dir='ltr' id='par_1_7' title="bbox 213 3875 1167 4004">
     <span class='ocr_line' id='line_1_45' title="bbox 213 3875 1167 4004; baseline 0.005 -67"><span class='ocrx_word' id='word_1_339' title='bbox 213 3875 360 3937; x_wconf 85' lang='lat' dir='ltr'><strong>XXXVI</strong></span> <span class='ocrx_word' id='word_1_340' title='bbox 401 3877 448 3937; x_wconf 84' lang='lat' dir='ltr'>Re</span> <span class='ocrx_word' id='word_1_341' title='bbox 462 3881 535 3940; x_wconf 85' lang='lat' dir='ltr'>bene</span> <span class='ocrx_word' id='word_1_342' title='bbox 555 3884 646 4004; x_wconf 66' lang='lat' dir='ltr'>gesta,</span> <span class='ocrx_word' id='word_1_343' title='bbox 662 3883 803 3946; x_wconf 82' lang='lat' dir='ltr'>caninius</span> <span class='ocrx_word' id='word_1_344' title='bbox 822 3899 860 3942; x_wconf 84' lang='lat' dir='ltr'>ex</span> <span class='ocrx_word' id='word_1_345' title='bbox 872 3881 995 3958; x_wconf 83' lang='lat' dir='ltr'>captivis</span> <span class='ocrx_word' id='word_1_346' title='bbox 1016 3880 1167 3960; x_wconf 82' lang='lat' dir='ltr'>comparit,</span> 
     </span>
    </p>
   </div>
   <div class='ocr_carea' id='block_1_8' title="bbox 0 0 1286 4412">
    <p class='ocr_par' dir='ltr' id='par_1_8' title="bbox 0 0 1286 4412">
     <span class='ocr_line' id='line_1_46' title="bbox 0 0 1286 4412; baseline 0 3"><span class='ocrx_word' id='word_1_347' title='bbox 0 0 1286 4412; x_wconf 95' lang='lat' dir='ltr'> </span> 
     </span>
    </p>
   </div>
  </div>
 </body>
</html>
