2590 4424
132 305 172 364 26
495 302 543 354 DE
560 303 676 354 nmo
690 301 848 354 Gannico

182 461 280 502 eorum
299 443 426 502 omnium
447 444 578 514 furorem,
600 456 640 514 ut,
665 464 701 502 ne
725 443 893 503 Suessiones
915 443 1040 520 quidem,
1062 444 1170 504 fratres

183 522 464 598 consanguineosque
486 543 560 591 suos,
584 523 633 600 qui
653 524 768 581 eodem·
777 523 841 600 jure
863 533 892 579 et
914 523 1023 580 eisdem
1050 523 1169 600 legibus

184 610 308 667 utantur,
331 619 421 658 unum
441 601 601 678 imperium,
622 619 767 676 unumque
789 601 985 679 magistratum
1007 618 1073 659 cum
1095 602 1169 678 ipsis

184 678 316 746 habeant,
331 679 472 738 deterrere
485 680 637 758 potuerint,
651 679 720 754 quin
734 697 800 736 cum
814 679 858 737 his
871 678 1082 736 consentirent?

155 766 174 819 5
223 755 275 813 IV.
315 757 416 819 Quum
433 757 469 814 ab
490 759 533 816 his
545 768 694 833 quaereret,
708 777 770 834 quae
791 755 929 824 civitates,
943 768 1112 833 quantaeque
1132 758 1168 816 in

185 834 269 892 armis
278 847 383 904 essent,
392 836 496 910 etquid
510 835 539 892 in
548 836 621 894 bello
631 846 754 912 possent,
769 835 811 892 sic
819 833 995 911 reperiebat:
1015 835 1167 911 plerosque

183 911 286 990 Belgas
306 933 369 971 esse
388 925 464 971 ortos
478 914 515 971 ab
524 914 692 984 Germanis3
714 913 906 989 Rhenumque
931 913 1085 988 antiquitus
1105 924 1167 972 tra·

183 992 292 1058 ductos,
306 1002 418 1067 propter
431 991 487 1049 loci
507 992 678 1050 fertilitatem
692 991 732 1049 ibi
752 992 925 1059 consedisse,
938 991 1100 1067 Gallosque,
1114 993 1166 1067 qui

182 1087 218 1125 ea
242 1070 307 1130 loca
333 1069 498 1137 incolerent,
525 1071 687 1147 expulisse;
714 1070 841 1144 solosque
868 1089 940 1138 esse,
966 1069 1025 1144 qui,
1051 1080 1165 1145 patrum

141 1155 173 1207 10
183 1157 340 1204 nostrorum
361 1148 507 1217 memorii,
521 1150 598 1206 omni
612 1149 707 1206 Gallia
727 1148 837 1214 vexata,
852 1147 999 1205 Teutones
1019 1147 1166 1206 Cimbros·

182 1243 237 1299 que
258 1224 333 1282 intra
353 1225 424 1284 fines
445 1247 510 1285 suos
531 1227 642 1303 ingredi
655 1225 859 1302 prohibuerint.
899 1225 969 1287 Qui
990 1243 1027 1282 ex
1046 1244 1077 1283 re
1091 1226 1164 1296 fieri,

183 1301 223 1359 uti
244 1322 342 1361 earum
362 1324 455 1362 rerum
476 1305 613 1362 memoria
634 1317 767 1378 maguam
781 1303 835 1360 sibi
857 1303 1063 1371 auctoritatem,
1085 1323 1165 1380 mag-

182 1400 288 1456 nosque
309 1382 422 1458 spiritus
436 1383 465 1439 in
485 1402 516 1440 re
537 1381 652 1440 militari
670 1391 821 1439 sumerent.
863 1381 907 1438 De
928 1400 1046 1440 numero
1065 1401 1165 1440 eorum

181 1459 279 1515 omnia
299 1478 329 1515 se
351 1460 456 1517 habere
479 1460 624 1535 explorata
641 1459 728 1517 Remi
749 1459 894 1527 dicebant,
916 1472 1064 1536 propterea
1086 1459 1164 1534 quiid

140 1543 172 1598 15
181 1535 437 1610 propinquitatibus
457 1538 695 1613 affinitatibusque
715 1538 872 1614 conjuncti,
888 1549 1024 1612 quantam
1043 1537 1163 1613 quisque

182 1613 392 1672 multitudinem
414 1615 443 1672 in
464 1617 608 1674 communi
631 1615 783 1692 Belgarum
804 1616 926 1674 concilio
948 1617 983 1674 ad
1008 1607 1044 1673 id
1057 1616 1165 1676 ballum

182 1691 324 1767 pollicitus
337 1693 382 1762 sit,
397 1695 589 1771 cognoverint.
630 1692 788 1770 Plurimum
809 1693 882 1751 inter
895 1713 944 1752 eos
957 1694 1122 1752 Bellovacos
1134 1705 1165 1753 et

182 1770 283 1828 virtute
297 1781 326 1830 et
347 1774 513 1832 auctoritate
526 1784 555 1832 et
575 1774 722 1834 hominum
743 1791 862 1830 numero
875 1773 986 1830 valere:
1010 1774 1061 1831 hos
1081 1791 1164 1848 posse

172 1850 323 1908 conficere
351 1862 458 1910 armata
481 1852 570 1911 millia
592 1864 727 1911 centum:
758 1850 898 1927 pollicitos
924 1870 958 1908 ex
984 1870 1019 1908 eo
1044 1869 1164 1910 numero

138 1927 274 1986 20electa
299 1929 388 1987 millia
411 1931 476 1999 LX,
502 1931 642 2006 totiusque
669 1929 736 1987 belli
762 1929 911 2004 imperium
934 1928 989 1985 sibi
1011 1928 1163 2005 postulare.

183 2007 350 2078 Suessiones
376 2027 442 2066 suos
467 2028 529 2066 esse
555 2009 714 2080 finitimos3
745 2006 895 2064 latissimos
920 2007 1164 2082 feracissimosque

183 2103 264 2159 agros
277 2085 439 2161 possidere:
461 2087 535 2161 apud
549 2105 598 2144 eos
611 2086 697 2142 lirisse
711 2103 808 2161 regem
821 2084 916 2142 nostrii
926 2085 1012 2142 etiam
1026 2087 1164 2144 memorii

183 2161 367 2229 Divitiacum,
387 2164 473 2220 totius
495 2163 596 2221 Gallia
616 2163 851 2240 potentissimum,
873 2163 921 2238 qui
944 2181 1031 2238 quum
1051 2183 1163 2240 magnae

182 2239 270 2313 partis
296 2240 396 2296 harum
429 2241 587 2316 regionum,
615 2254 675 2299 tum
701 2241 787 2298 etiam
820 2240 985 2309 Britanniae,
1013 2241 1162 2318 imperium

138 2316 354 2374 250btiuuerit:
387 2337 466 2376 nunc
491 2339 554 2378 esse
580 2338 677 2396 regem
702 2320 842 2378 Galbam:
874 2320 909 2376 ad
937 2320 1024 2387 hunc,
1051 2330 1163 2397 propter

180 2394 318 2470 justitiam
335 2398 579 2473 prudentiamque,
591 2418 730 2456 summam
743 2398 829 2456 totius
842 2397 908 2454 belli
926 2397 1053 2455 omnium
1067 2399 1164 2456 volun·

182 2483 240 2531 tate
264 2474 388 2532 deferri:
417 2477 520 2552 oppida
543 2478 648 2535 habere
675 2496 793 2535 nurnero
816 2475 898 2544 Xll;
924 2475 1051 2552 polliceri
1074 2477 1164 2534 millia

183 2564 292 2610 armata
304 2553 527 2632 quinquaginta:
549 2556 666 2614 totidem
680 2555 810 2622 Nervios,
824 2555 872 2629 qui
886 2553 1009 2612 maxime
1025 2555 1076 2612 seri
1090 2555 1162 2614 inter

24 2637 26 2646 “
183 2631 257 2706 ipsos
271 2633 438 2703 habeantur,
452 2633 673 2711 longissimeque
688 2634 798 2691 absint:
819 2632 877 2690 XV
891 2631 981 2688 millia
994 2633 1161 2690 Atrebates:

36 2711 42 2722 '
137 2711 341 2769 3⁰Ambianos
364 2712 394 2768 X
417 2714 525 2772 millia:
547 2706 675 2771 Morinos
697 2711 786 2768 XXV
810 2710 917 2768 millia:
947 2707 1096 2786 Menapios
1116 2709 1163 2767 IX

182 2789 289 2845 millia:
311 2789 426 2846 Caletos
446 2790 475 2847 X
496 2791 604 2847 millia:
632 2789 801 2854 velocasses
822 2798 851 2844 et
864 2788 1079 2846 Veromanduos
1099 2788 1163 2845 toti-

182 2865 266 2922 dem:
289 2866 456 2924 Aduatucos
476 2867 553 2925 XIX
567 2867 674 2924 millia:
696 2866 868 2933 Condrueos,
887 2865 1045 2932 Eburones,
1060 2866 1163 2923 Gere-

182 2943 410 3080 soskPaemanos,
425 2945 472 3022 qui
487 2965 545 3003 uno
558 2945 673 3003 nomine
683 2944 819 3002 Germani
834 2944 1018 3020 appellantur,
1034 2944 1162 3002 arbitrari

182 3023 218 3079 ad
263 3023 399 3080 Lmillia.
432 3023 434 3026 ’

137 3101 171 3155 35
221 3099 257 3157 V.
299 3101 406 3170 Caesar,
420 3101 530 3160 Remos
550 3103 722 3169 cohortatus,
735 3100 943 3176 liberaliterque
956 3099 1083 3158 oratione
1100 3119 1163 3175 pro-

182 3189 305 3247 secutus,
332 3199 446 3237 omnem
480 3192 610 3238 senatum
637 3180 672 3236 ad
703 3198 732 3236 ee
745 3178 920 3245 convenire,
946 3176 1163 3254 principumque

181 3257 285 3320 liberos
310 3258 424 3316 obsides
451 3259 487 3315 ad
514 3277 544 3315 se
572 3257 675 3316 adduci
699 3257 790 3333 jussit.
830 3257 907 3318 Quae
933 3256 1030 3314 omnia
1057 3256 1092 3313 ab
1119 3255 1164 3314 his

183 3337 332 3414 diligenter
359 3338 395 3396 ad
422 3337 497 3395 diem
525 3337 687 3394 factasunt.
743 3334 808 3411 Ipse
834 3333 1009 3394 Divitiacum
1035 3333 1164 3392 AEduum

184 3428 287 3486 magno
297 3436 381 3492 opere
395 3417 567 3482 cohortatus,
577 3416 669 3483 docet,
682 3425 787 3489 quanto
800 3433 884 3490 opere
895 3411 1075 3489 Reipublicae
1086 3431 1164 3470 com-

140 3489 332 3564 romanisque
356 3496 454 3554 salutis
471 3493 592 3561 intersit,
614 3512 715 3550 manus
738 3493 859 3551 hostium
881 3490 1021 3558 distineri,
1038 3508 1075 3546 ne
1096 3508 1164 3548 curu

185 3567 264 3626 tanta
287 3569 466 3633 multitudine
490 3593 548 3632 uno
571 3582 695 3647 tempore
718 3571 929 3647 confligendum
953 3569 997 3626 sit.
1046 3567 1081 3624 Id
1103 3568 1165 3626 fieri

184 3664 275 3721 Ρθθὸθ,
295 3645 319 3702 si
332 3665 398 3704 suas
415 3653 511 3729 copias
529 3649 618 3710 AEdui
639 3649 669 3706 in
687 3649 758 3709 fines
771 3648 983 3708 Bellovacorum
1002 3645 1164 3704 introduxe-

184 3725 250 3794 rint,
264 3735 404 3784 eteorum
418 3745 499 3804 agros
518 3727 646 3808 populari
660 3727 806 3802 coeperint.
848 3725 904 3782 His
924 3725 1076 3792 mandatis,
1097 3743 1164 3782 eum

185 3803 221 3863 ab
234 3824 264 3862 se
279 3796 410 3862 dimittit.
457 3803 609 3877 Postquam
621 3823 721 3864 omues
741 3803 895 3878 Belgarum
913 3802 1011 3877 copias
1024 3802 1054 3860 in
1074 3821 1164 3861 unum
