2590 4424
477 393 742 446 ιιιιιιιιιιιιιιιι.
1128 395 1153 464 ¹}

119 560 155 600 eo
175 539 239 598 loco
261 547 394 597 morant:
415 536 492 595 idem
515 538 584 596 lacit
604 537 722 607 Casan
741 536 953 616 equitatumque
975 557 1101 608 οιιιιιιιιι,

119 620 155 676 ad
175 637 326 676 numerum
346 627 466 693 quatuor
486 616 616 706 millium,
638 635 724 691 quem
744 635 782 674 ex
800 617 879 676 omui
903 619 1054 682 Ριοιιιιοιι
1073 631 1103 680 et
1190 661 1194 670 =

119 695 223 754 AEduis
245 707 328 771 atque
349 715 447 754 eorum
468 695 554 753 sociis
573 706 707 753 coactum
725 695 858 764 habebat,
879 699 1033 772 premittit,
1053 699 1103 775 qui

117 775 242 865 videant,
266 794 337 851 quas
361 774 390 832 in
411 785 506 850 partes
526 775 624 832 hostes
644 773 697 830 iter
721 773 837 831 saciant
877 775 950 842 Qui,
970 777 1103 854 cupidius

117 854 301 912 novissimum
316 871 419 928 agmen
441 851 573 918 insecuti,
588 851 681 909 alieno
693 851 758 909 loco
770 871 838 909 cum
851 853 978 944 equitatu
999 856 1103 913 Helve-
1129 857 1148 910 5
1242 889 1252 910 t

40 1003 42 1008 Ι
116 932 222 990 tiorum
245 931 375 1008 praelium
401 930 600 987 committunt:
631 940 661 986 et
683 930 768 1018 pauci
794 932 831 988 de
857 933 960 989 nostris
976 934 1102 992 cadunt

116 1010 186 1072 Quo
200 1010 297 1087 praelio
310 1007 415 1067 sublati
429 1007 564 1074 Helvetii,
575 1005 652 1082 quod
666 1007 829 1084 quingentis
841 1010 984 1085 equitibus
993 1021 1103 1070 tantam

117 1089 330 1160 multitudinem
345 1087 471 1177 equitum
490 1087 681 1176 propulerant,
697 1087 835 1146 audacius
855 1088 1018 1156 subsistere,
1032 1109 1103 1147 nou-

117 1185 265 1243 nunquam
279 1185 315 1224 ex
327 1165 480 1224 novissimo
494 1164 609 1240 agmine
622 1164 720 1240 praelio
732 1177 843 1232 nostros
855 1166 995 1224 lacessere
1008 1175 1103 1244 coepe-

117 1256 193 1304 runt.
227 1245 333 1305 Caesar
354 1264 419 1302 suos
441 1263 458 1301 a
478 1243 576 1318 praelio
596 1243 771 1310 continebat,
786 1263 821 1301 ac
841 1243 910 1302 satis
931 1246 1079 1303 habebat
1072 1247 1147 1304 nalo

89 1324 268 1400 ,praesentia
289 1325 397 1381 hostem
421 1321 538 1410 rapinis,
559 1321 799 1397 pabulationibus,
820 1323 1103 1421 populationibusque

116 1403 274 1492 probibere.
316 1401 362 1460 Ita
374 1402 436 1458 dies
450 1401 565 1457 circiter
575 1399 760 1475 quindecim
753 1411 806 1458 rter
820 1401 958 1468 feserunt,
974 1400 1016 1459 uti
1031 1403 1104 1460 inter

116 1481 301 1538 novissimum
315 1480 438 1538 hostium
453 1497 567 1554 agmen,
582 1489 611 1535 et
625 1489 752 1535 nostrum
765 1479 898 1554 primum,
912 1499 970 1538 non
985 1481 1105 1556 amplius

119 1559 214 1634 quinis
228 1570 277 1616 aut
290 1559 367 1616 senis
380 1558 505 1615 millibus
518 1575 654 1632 passuum
672 1557 828 1615 interesset.

95 1655 106 1660 ·
158 1636 242 1693 XVI.
284 1637 404 1694 Interim
426 1635 551 1710 quotidie
575 1635 673 1692 Oaesar
694 1635 805 1694 AEduos
825 1637 1007 1702 frumentum,
1029 1638 1104 1712 quod
1116 1639 1148 1692 15

118 1725 215 1772 essent
227 1713 342 1790 publice
363 1713 491 1790 polliciti,
506 1712 653 1790 flagitare:
674 1733 742 1771 ιιιιιιι
761 1725 874 1789 propter
893 1715 1007 1790 frigora,
1027 1713 1104 1790 qubd

117 1793 214 1852 Gallia
235 1794 288 1850 sub
311 1792 562 1868 septentrionibus,
593 1803 623 1849 ut
665 1792 732 1852 ante
774 1795 883 1852 dictum
923 1793 1017 1868 posita
1050 1804 1103 1862 est,

118 1891 177 1930 non
191 1870 276 1930 modo
291 1873 433 1929 frumenta
446 1871 477 1928 in
491 1870 566 1947 agris
585 1882 697 1929 matura
710 1890 768 1928 non
781 1881 873 1938 erant,
887 1871 938 1926 sed
958 1889 994 1927 ne
1007 1871 1104 1945 pabuli

117 1951 233 2026 quidem
254 1949 324 2008 satis
345 1969 450 2026 magna
470 1950 553 2025 copia
573 1951 759 2026 suppetebat:
780 1967 815 2006 eo
837 1959 932 2006 autom
953 1949 1103 2017 frumento,

117 2030 193 2105 quod
206 2029 324 2086 flumine
338 2029 424 2086 Arari
444 2029 565 2086 navibus
585 2031 764 2097 subvexerat,
784 2039 933 2104 propterea
945 2027 1042 2087 minirs
1063 2029 1148 2086 utieo

117 2119 236 2183 poterat,
260 2107 338 2183 qubd
361 2107 414 2165 iter
439 2109 474 2165 ab
498 2109 590 2166 Arare
615 2107 739 2166 Helvetii
767 2118 935 2174 averterant,
960 2126 978 2164 a
1002 2105 1104 2181 quibus

119 2186 268 2244 discedere
291 2187 414 2252 nolebat,
463 2185 549 2243 Diem
572 2205 609 2243 ex
631 2187 677 2244 die
701 2188 807 2243 ducere
831 2185 939 2254 AEdui3
970 2186 1103 2253 conserti,

117 2265 298 2341 comportari,
314 2266 422 2332 adesse,
437 2266 543 2322 dicere.
585 2265 685 2324 Ubise
698 2265 806 2322 diutius
819 2264 886 2321 duci
907 2264 1054 2331 intellexit,
1075 2261 1104 2322 cl

119 2343 227 2400 diem
220 2354 335 2410 instare,
348 2363 405 2419 quo
425 2343 472 2400 die
493 2344 666 2401 frumentum
687 2344 825 2402 militibus
845 2343 939 2400 metiri
952 2353 1103 2433 oporteret,

118 2420 283 2479 convocatis
306 2439 404 2478 eorum
427 2422 614 2510 principibus,
638 2442 756 2497 quorum
780 2441 915 2511 magnam
938 2423 1050 2498 copiam
1074 2421 1149 2480 inm

118 2498 221 2558 castris
236 2499 389 2565 habebat,
383 2518 413 2555 ιιι
427 2499 471 2555 his
491 2494 634 2556 Divitiaco
654 2512 687 2558 et
699 2501 794 2568 Lisco,
809 2501 857 2576 qui
877 2519 989 2558 summo
1001 2501 1106 2589 magis-

117 2588 194 2636 tratu
213 2587 333 2653 praeerat
348 2577 446 2665 (quem
465 2577 673 2666 Vergobretum
694 2580 835 2654 appellant
849 2579 948 2645 AEdui,
962 2579 1011 2653 qui
1026 2597 1106 2635 crea

118 2665 164 2714 tur
199 2675 311 2713 annuus
336 2667 365 2713 et
391 2655 455 2713 vitae
482 2656 618 2730 necisque
644 2655 674 2713 iu
702 2677 767 2716 suos
800 2659 886 2714 habet
911 2659 1104 2745 potestatem),

117 2735 241 2811 graviter
261 2754 310 2792 eos
332 2746 458 2802 accusat,
472 2733 560 2810 quod,
575 2754 662 2810 quum
680 2754 773 2811 neque
793 2737 860 2803 emi,
875 2754 967 2810 neque
980 2753 1017 2792 ex
1030 2753 1106 2811 agris

118 2813 193 2870 sumi
206 2824 309 2889 posset,
321 2823 379 2871 tam
393 2814 556 2872 necessario
566 2824 702 2890 tempore,
716 2826 775 2872 tarn
788 2815 953 2890 propinquis
967 2815 1104 2881 hostibus,
1115 2817 1150 2870 3⁰

119 2892 198 2949 ab'‘
180 2912 215 2950 ιιι
241 2911 299 2949 non
322 2893 503 2950 sublevetur:
535 2894 692 2968 presertim
714 2913 811 2969 quum,
835 2895 941 2982 maguti
967 2913 1004 2950 ex
1026 2903 1105 2982 parte

118 2989 217 3028 eorum
240 2969 373 3046 precibus
396 2972 546 3038 adductus,
569 2972 675 3028 bellum
698 2971 876 3047 susceperit,
905 2971 995 3030 ιιιιιιιὸ
1019 2972 1105 3028 etiam

117 3046 243 3126 gravius,
258 3047 335 3124 qubd
351 3049 388 3107 sit
401 3050 562 3117 destitutus,
576 3051 712 3125 queritur.

158 3127 261 3185 XVII.
303 3127 381 3184 Tum
401 3128 517 3185 demum
538 3129 650 3197 Liscus,
670 3129 798 3187 oratione
811 3129 935 3187 Caesaris
955 3130 1104 3195 adductus,

118 3207 194 3282 quod
221 3216 306 3264 antea
332 3217 470 3273 tacuerat,
496 3207 648 3283 proponit:
681 3207 772 3265 ‘Esse
799 3207 960 3274 nonnullos,
986 3212 1150 3303 quorum35

119 3284 273 3344 auctoritas
297 3285 372 3360 apud
395 3283 507 3375 plebem
530 3285 684 3362 plurimum
707 3286 818 3356 valeat;
849 3286 897 3363 qui
917 3284 1018 3360 privati
1041 3282 1106 3359 plirs

118 3363 237 3439 possint,
251 3362 359 3438 quim
352 3363 406 3438 ipsi
419 3365 609 3440 magistratus.
651 3364 714 3423 Ηοι
728 3365 863 3422 seditiosi
864 3375 961 3437 atque
977 3362 1106 3437 improbi

118 3441 246 3501 oratione
255 3441 466 3499 multitudinem
474 3445 626 3511 deterrere
635 3463 673 3500 ne
682 3444 854 3502 frumentum
863 3441 1021 3509 conserant,
1030 3444 1106 3517 quod

119 3531 252 3608 prestare
272 3521 406 3578 debeant.
448 3521 507 3576 Si
497 3541 557 3596 Jam
569 3521 761 3611 principatum
781 3520 883 3579 Galliae
898 3519 1028 3578 obtinere
1047 3539 1106 3578 non

118 3597 237 3674 possint,
251 3599 408 3665 Gallomm,
422 3597 508 3674 quam
525 3599 755 3668 Romanorum,
748 3599 867 3674 imperia
878 3600 1004 3674 perferre
1017 3599 1150 3658 satiusto

119 3693 202 3744 esse3
224 3696 314 3751 neque
335 3677 465 3735 dubitare
478 3678 593 3744 debere,
606 3679 686 3753 quin,
701 3679 725 3736 si
746 3677 893 3735 llelretios
912 3674 1106 3766 superaverint

109 3719 258 3822 'Roniani
272 3755 330 3813 uui
343 3775 411 3813 cum
431 3756 540 3832 reliqua
554 3757 649 3816 Gallia
663 3757 768 3814 AEduis
782 3756 943 3814 libertatem
956 3755 1014 3813 sint
1026 3771 1107 3832 erep-

118 3834 185 3894 turi.
227 3834 275 3891 Ab
288 3835 388 3892 iisdem
408 3846 505 3893 nostra
518 3836 648 3902 consilia,
662 3853 781 3925 quaeque
803 3835 947 3904 incastris
960 3843 1105 3922 gerantur,

119 3913 248 3972 bostrbus
260 3931 428 3972 enunciari
449 3914 501 3974 bos
515 3933 577 3972 ase
590 3931 719 3972 coerceri
732 3931 906 3989 nonpooee:
925 3911 994 3986 quin
1008 3907 1104 3974 etim,
