2590 4424
453 335 718 388 manaremus.
1092 340 1126 398 11

97 482 189 540 Gallis
209 498 313 556 magno
334 479 370 537 ad
378 497 515 568 pugnam
529 489 591 536 erat
611 478 823 554 impedimento,
844 477 930 554 qubd,
950 471 1099 556 pluribus

27 587 38 626 ῃ
98 579 196 618 eorum
206 559 295 616 scutis
304 577 364 616 uno
376 555 436 614 ictu
446 558 566 632 pilorum
576 556 719 614 transfixis
728 566 758 614 et
767 556 916 632 colligatis,
927 577 1014 632 quurn
1025 559 1079 616 ler-

97 657 199 695 rumse
210 637 366 694 inflexisset
367 654 476 710 neque
484 633 613 702 evellere,
622 653 724 708 neque
734 633 849 692 ιιιιιιιιι
856 635 1001 711 impedita
1010 635 1079 694 satis

98 714 246 774 commode
255 731 383 790 pugnare
391 723 539 788 poterant
560 712 641 769 multi
649 723 690 784 ut
701 710 770 771 diu
759 723 867 788 Jaotsto
875 713 992 771 brachio
993 732 1079 790 ,pre-

96 804 227 871 optarent
248 803 360 850 scutum
383 810 472 849 manu
494 790 632 858 emittere,
655 799 685 848 ιι
704 791 782 848 nudo
804 810 921 866 corpore
942 810 1077 868 pugnare.
1105 797 1123 851 5

97 871 242 939 Tandem,
264 869 428 928 vulneribus
447 868 561 936 defessi,
575 879 604 926 et
602 869 721 964 pedem
733 869 848 936 referre,
862 869 985 944 eoquod
998 890 1080 928 mons

97 951 212 1008 suberat
220 949 334 1006 circiter
342 941 611 1023 millepessuum,
580 965 789 1023 eoserecrpere
797 958 952 1037 coeperupt.
987 949 1080 1024 Capto

96 1039 194 1088 moute
216 1039 245 1085 et
255 1027 476 1084 succedentibus
489 1025 602 1092 uostris,
616 1024 680 1082 Boii
693 1035 722 1082 et
732 1025 861 1100 Tulmgr
872 1045 921 1101 qur
913 1026 1078 1084 bominum

97 1107 224 1164 millibus
236 1105 351 1163 circiter
364 1105 423 1162 XV
434 1121 536 1180 agmen
552 1103 676 1160 hostium
687 1102 867 1171 claudebant,
881 1116 910 1162 et
918 1104 1079 1164 novissimis

95 1185 230 1260 presidio
236 1194 328 1252 erant,
339 1203 375 1240 ιι
385 1183 484 1240 itincre
493 1190 603 1238 nostros
613 1182 700 1238 latere
709 1191 805 1257 aperto
813 1182 948 1257 aggressi,
958 1183 1085 1254 circum·
1082 1189 1124 1242 1⁰

97 1262 210 1321 venire:
224 1273 254 1320 et
263 1262 292 1318 ιιι
300 1261 456 1338 οοιιιριοιιι
449 1259 589 1318 Helvetn
592 1278 652 1334 qur
662 1279 691 1316 ιιι
700 1265 824 1317 montem
832 1278 894 1318 sese
902 1267 1078 1336 receperant,

96 1359 194 1398 rursus
216 1339 321 1398 instare
341 1351 371 1397 et
390 1339 518 1414 prelium
539 1338 733 1413 redintegrare
751 1349 906 1412 caeperunt
953 1338 1079 1396 Romani
1128 1405 1132 1415 ¹

97 1431 235 1486 conversa
248 1419 331 1496 signa
344 1416 478 1492 bipartito
497 1416 671 1474 inurlerunt:
692 1416 783 1491 prima
797 1435 831 1473 ac
851 1418 978 1474 secunde
992 1417 1078 1486 acies,

97 1508 131 1554 ut
143 1497 224 1555 victis
245 1516 280 1555 sc
293 1496 431 1554 submotis
440 1495 602 1564 resisteret;
623 1493 715 1561 tertia,
724 1505 755 1551 ut
768 1494 914 1552 venientes
926 1496 1078 1572 exciperet.

139 1575 253 1632 XXVI.
294 1575 340 1632 lta
361 1574 478 1649 ancipiti
500 1572 600 1663 proelio
619 1571 673 1632 diu
695 1583 777 1648 atque
799 1574 900 1646 acriter
921 1585 1078 1650 pugnatum
1090 1579 1123 1632 1⁵

97 1664 151 1711 est
192 1652 307 1709 Diutius
320 1671 407 1726 quum
420 1662 578 1710 nostrorum
593 1651 715 1727 impetus
732 1651 870 1708 sustinere
883 1671 941 1709 ιιοιι
954 1665 1078 1727 possent,

98 1730 180 1790 alteri
207 1749 249 1798 se,
275 1740 306 1787 ut
329 1741 484 1806 creperum,
511 1729 541 1786 in
564 1741 690 1787 montem
712 1740 902 1805 receperunt;
936 1731 1016 1788 alteri
1043 1733 1079 1788 cd

97 1809 303 1885 impedimenta
323 1819 353 1867 et
372 1827 468 1866 carros
489 1828 554 1866 suos
567 1827 597 1866 se
617 1808 808 1866 contulerunt.
848 1808 925 1866 Nam
946 1809 1009 1866 hoo.
1021 1819 1079 1868 toto

96 1887 203 1964 praelio,
225 1906 312 1962 quum
336 1887 373 1944 ab
394 1886 464 1945 horit
485 1886 605 1964 septima
626 1887 662 1946 ad
683 1905 831 1962 vesperum
853 1896 1011 1970 pugnatum
1032 1887 1077 1955 sit,

18 1993 20 1998 ·
98 1972 228 2024 auersum
251 1967 360 2023 hostem
384 1965 479 2023 videre
502 1983 587 2023 nemo
609 1965 708 2041 potuit.
757 1964 805 2021 Ad
826 1965 944 2022 multam
963 1965 1124 2024 noctemtto

97 2043 184 2102 etiam
212 2045 247 2102 ad
272 2043 476 2120 impedimenta
497 2054 655 2120 pugnatum
678 2053 731 2112 ιιι,
758 2053 905 2132 propterea
927 2042 1003 2119 qubd
1028 2064 1079 2120 pro
1133 2074 1135 2084 =

96 2122 171 2181 vallo
184 2141 279 2180 carros
288 2123 462 2198 objecerant,
477 2134 532 2180 ete
546 2123 608 2182 loco
619 2122 762 2198 superiore
773 2121 803 2178 in
813 2131 923 2180 ιιοιιιοι
933 2122 1079 2180 venientes

96 2201 155 2258 tela
167 2201 368 2277 conjiciebant,
382 2211 411 2258 et
424 2193 574 2258 nonnulli'
568 2211 641 2258 mter
658 2219 753 2258 carros
766 2210 895 2275 rotasque
909 2211 1031 2258 mataras
1045 2221 1079 2259 ac

96 2279 223 2355 tragulas
248 2279 448 2356 subjiciebant,
475 2289 640 2354 nostrosque
663 2279 858 2336 vulnerabant.
902 2277 967 2338 Diu
990 2299 1078 2356 quum

96 2367 173 2414 esset
193 2368 360 2432 pugnatum,
382 2357 592 2433 impedimentis
613 2357 768 2432 castrisque
789 2358 877 2414 nostri
896 2358 980 2433 potiti
1002 2363 1123 2416 santus

97 2435 144 2491 Ibi
164 2433 344 2523 Orgetorigis
364 2435 432 2502 lilia,
455 2445 538 2509 atque
552 2455 626 2492 unus
646 2455 662 2492 e
683 2435 748 2492 liliis
769 2445 869 2511 captus
889 2446 941 2494 est
982 2437 1027 2494 En
1044 2457 1079 2496 eo
1170 2469 1173 2475 ·
1275 2437 1276 2486 ἶ

96 2513 195 2588 prelio
217 2512 331 2568 circiter
352 2512 441 2569 millia
454 2512 601 2570 hominum
622 2513 739 2570 CXXX
761 2515 1019 2603 superfuerunt,
987 2534 1078 2590 eaque

96 2591 158 2648 ιοιι
178 2601 263 2647 ιιοιιι
284 2590 463 2648 continenter
485 2589 595 2648 ierunt:
617 2591 724 2648 nullam
744 2603 853 2667 partem
870 2593 962 2649 noctis
978 2593 1079 2650 itinere

97 2668 267 2740 intermisso,
283 2668 312 2726 in
333 2669 405 2726 lines
418 2667 581 2744 Lingonum
602 2669 648 2726 die
661 2680 760 2744 quarto
779 2680 978 2746 pervenerunt,
992 2690 1079 2745 quum

96 2757 127 2803 et
146 2757 258 2823 propter
260 2715 389 2822 v'uluera
403 2747 535 2814 militum,
549 2758 578 2805 et
590 2759 703 2824 propter
717 2749 889 2825 sepulturam
910 2749 1077 2818 occisorum,
1088 2753 1124 2807 30

97 2826 196 2896 nostri,
209 2826 334 2882 triduum
354 2827 465 2894 morati,
479 2845 529 2884 eos
548 2827 628 2901 sequi
648 2846 705 2884 ιιοιι
718 2827 884 2902 potuissent.
925 2827 1022 2900 Ousar
1044 2829 1079 2886 ad

98 2903 348 2978 Linoonasliteras
356 2904 532 2980 nunciusque
540 2904 626 2972 misit
638 2924 675 2962 ne
685 2924 734 2962 eos
745 2905 895 2972 frumento,
905 2925 976 2962 neve
985 2906 1041 2963 alia
1049 2926 1079 2964 re

94 2982 245 3057 juvarent.
275 2981 369 3056 quisi
392 2981 540 3058 juvissent,
562 3001 592 3040 se
618 2983 720 3040 eodem
743 2983 815 3049 loco,
843 3002 898 3058 quo
922 2983 1078 3073 Helvetios,

97 3059 270 3117 habiturum.
311 3059 388 3135 Ipse,
402 3060 523 3118 triduo
516 3061 686 3128 intermisso,
701 3079 768 3118 cum
781 3061 914 3119 omnibus
929 3062 1018 3138 copiis
1030 3083 1080 3122 eos

96 3137 177 3212 sequi
191 3138 287 3213 coepit.
1089 3145 1124 3200 35

136 3215 267 3274 XXVII
309 3216 443 3284 Helvetii,
457 3187 584 3276 omnium
604 3237 700 3276 rerum
718 3218 814 3294 inopia
832 3220 957 3287 adducti,
972 3221 1079 3309 legatos
1150 3235 1152 3242 ’

93 3295 133 3352 de
153 3295 297 3352 deditione
318 3295 441 3352 adeum
463 3295 610 3356 miseruut.
650 3295 713 3358 Qui
730 3314 818 3386 quum
837 3317 904 3356 eum
926 3299 956 3355 in
977 3298 1079 3354 itinere

95 3373 306 3440 convenissent,
340 3389 426 3447 seque
453 3375 489 3431 ad
515 3376 619 3460 pedes
632 3375 827 3465 projecissent,
861 3373 1078 3451 suppliciterque
1165 3399 1168 3406 ¹

95 3451 184 3509 locuti
198 3451 299 3508 flentes
318 3470 420 3528 pacem
433 3452 580 3540 petissent
581 3438 678 3545 alque
695 3473 745 3512 eos
758 3455 788 3515 in
802 3473 837 3510 eo
856 3453 929 3520 loco,
943 3473 999 3529 quo
1018 3465 1078 3514 tum

95 3539 203 3595 essent,
217 3541 299 3586 suum
320 3532 475 3588 adventum
494 3495 659 3606 ιιιριιιιιιι
676 3531 816 3608 jussisset,
830 3544 992 3606 paruerunt.
1033 3534 1123 3592 utto

94 3618 245 3694 postquam
264 3608 361 3667 Caesar
381 3607 519 3684 pervenit,
540 3610 663 3678 obsides,
683 3630 771 3678 arma,
793 3628 897 3678 servos,
911 3611 960 3686 qui
981 3613 1017 3670 ad
1029 3632 1079 3669 eos

94 3683 296 3772 perfugissent,
309 3686 446 3776 poposcit.
487 3686 565 3744 Dum
575 3705 614 3752 ea
625 3689 829 3764 conquiruntur
842 3699 872 3748 et
884 3690 1077 3756 conseruntur,

95 3774 182 3824 nocte
203 3761 373 3832 intermicet,
387 3764 501 3824 circiter
522 3766 669 3824 homiuum
689 3766 779 3824 millia
792 3766 882 3824 Vl
856 3787 918 3844 eJus
937 3769 1014 3846 pagi,
1029 3768 1078 3844 qui

97 3842 279 3918 Verbigenus
290 3843 487 3967 appelletur,
465 3843 792 3964 ervetimcreperterriti,
803 3865 851 3915 ne,
862 3847 948 3906 armis
957 3847 1077 3913 traditis,
