2590 4424
147 311 168 369 4
512 301 559 354 ns
577 303 692 354 nanno
710 303 869 356 cituco

197 446 332 505 facultate
354 464 405 524 per
425 446 605 506 PmrInciam
625 448 734 506 itineris
757 447 894 515 faciendi,
914 457 1119 524 temperaturos
1143 449 1178 511 ab

197 524 301 600 injurii
314 534 343 582 et
355 525 495 584 maleficio
508 527 696 602 existimabat.
737 527 861 593 Tamen,
879 536 910 583 ut
922 527 1045 603 spatium
1058 525 1179 586 interce·

197 604 268 678 dere.
291 616 393 680 posset,
424 605 493 662 dum
519 605 640 672 milites,
660 624 730 680 quos
760 605 954 680 imperaverat,
982 605 1177 676 convenirent,

196 681 298 758 legatis
311 683 464 758 respondit,
481 695 488 720 ι
503 683 589 740 Diem
607 703 638 740 se
653 684 688 740 ad
701 683 918 740 deliberandum
937 693 1132 759 sumpturum}
1154 685 1177 740 si

169 759 264 835 5quid
278 761 391 832 vellent,
407 781 431 817 a.
446 761 473 817 d.
489 761 558 818 Idus
572 762 641 836 Apr.
656 763 880 818 reverterentur.’

236 839 320 896 VIII.
362 838 478 896 Interea
490 841 526 897 eri
537 840 658 915 legione,
672 859 758 914 quarn
771 857 870 897 secum
880 839 1013 905 habebat,
1028 839 1179 897 militibus·

195 935 260 991 que,
273 918 322 992 qui
341 937 377 974 ex
394 917 546 975 Provinciis
566 929 768 984 convenerant,
784 936 800 974 a
820 917 886 974 lacu
907 917 1065 1006 Lemanno,
1084 918 1177 992 quiin

195 993 302 1052 flumen
323 994 498 1053 Rhodanum
519 995 621 1063 influit,
636 997 672 1052 ad
693 1006 819 1053 montem
839 995 950 1070 Iuram,
964 995 1012 1070 qui
1033 995 1105 1054 lines
1126 997 1177 1054 Se-

195 1091 353 1161 quanorum
367 1073 403 1130 ab
418 1074 556 1131 Helvetiis
570 1075 679 1141 dividit,
694 1075 784 1131 millia
793 1092 928 1150 passuum
941 1074 1043 1130 decem
1053 1092 1175 1142 murum,

146 1160 181 1213 10
196 1149 227 1207 in
237 1151 416 1209 altitudinem
425 1153 531 1228 pedum
542 1152 678 1218 sedecim,
690 1153 849 1226 fossamque
858 1151 997 1226 perducit
1018 1151 1176 1248 Eoopcre

195 1231 331 1319 perfecto,
348 1232 495 1320 praesidia
501 1230 634 1305 disponit,
656 1229 773 1286 castella
794 1229 961 1296 communit,
975 1228 1032 1318 qud
1054 1230 1175 1300 saciliirs‚

195 1307 219 1364 si
245 1326 276 1365 se
298 1308 386 1365 invito
409 1309 528 1366 transire
550 1319 731 1374 conarentur,
755 1306 905 1383 prohibere
927 1307 1023 1383 possit.
1064 1308 1177 1368 Ubiae

195 1383 366 1460 dies,qua1n
386 1385 571 1444 constituerat
591 1405 658 1442 cum
678 1386 789 1462 legatis,
804 1385 890 1452 venit,
905 1397 934 1442 et
953 1386 1042 1460 legati
1054 1387 1091 1444 ad
1110 1406 1176 1444 euin

196 1473 380 1536 reverterunt,
404 1475 500 1540 negat,
528 1465 587 1520 Se
613 1483 691 1521 more
717 1474 746 1520 et
771 1463 902 1554 exemplo
922 1463 1023 1540 Populi
1049 1464 1190 1532 Romani,

146 1549 181 1603 15
195 1559 277 1615 posse
287 1541 341 1598 iter
359 1510 408 1600 u’lli
421 1562 472 1618 per
491 1542 672 1602 Provinciam
685 1543 770 1610 dare;
791 1552 829 1608 et,
850 1543 875 1599 si
894 1542 951 1616 Ιιιιι
965 1542 1058 1600 facere
1072 1562 1177 1603 conen·

194 1629 249 1686 tur,
260 1620 468 1695 prohibiturum
480 1621 622 1679 ostendit?
664 1620 799 1688 Helvetii,
813 1621 849 1677 eri
869 1639 918 1696 spe
932 1620 1046 1696 dejecti,
1056 1622 1176 1680 navibus

191 1697 299 1773 junctis
325 1699 489 1776 ratibusque
515 1699 707 1775 compluribus
734 1698 825 1766 factis,
851 1699 899 1756 alii
922 1699 1002 1756 vadis
1028 1698 1175 1769 Rhodani,

193 1778 250 1850 qud
275 1777 395 1836 minima
421 1779 539 1836 altitudo
565 1777 691 1835 fluminis
716 1788 787 1850 erat,
811 1797 1016 1852 nonnunquam
1039 1777 1175 1848 interdiu,

193 1855 296 1931 sepius
309 1867 405 1923 noctu,
420 1857 444 1913 si
457 1875 639 1932 perrumpere
652 1867 777 1930 possent,
791 1855 897 1922 conati,
910 1855 1004 1930 operis
1017 1855 1176 1915 munitione

143 1941 179 1995 20
192 1943 222 1989 et
241 1934 363 1992 militum
377 1953 518 1992 concursu
538 1945 567 1991 et
584 1935 648 1991 telis
667 1934 782 2009 repulsi,
797 1934 852 1990 hoc
872 1944 977 1990 conatu
997 1934 1174 1992 destiterunt.

232 2011 287 2068 IX.
329 2011 557 2086 Relinquebatur
577 2029 636 2068 una
648 2029 700 2087 per
720 2012 866 2085 Sequanos
879 2012 934 2078 via,
953 2014 1019 2086 qud,
1035 2013 1175 2086 Sequanis

193 2089 298 2157 Invitis,
312 2100 424 2166 propter
446 2088 592 2166 angustias
612 2091 653 2146 ire
674 2108 732 2146 non
752 2099 890 2165 poterant.
940 2089 995 2146 His
1015 2108 1102 2164 quum
1122 2093 1175 2150 sni

194 2177 293 2240 sponte
325 2168 495 2242 persuadere
528 2186 586 2225 non
612 2177 737 2244 possent,
764 2167 871 2243 legatos
902 2167 938 2224 ad
968 2167 1174 2245 Dumnorigem

192 2244 321 2302 AEduum
334 2245 459 2317 mittunt,
473 2257 514 2319 ut,
529 2265 563 2304 eo
584 2248 777 2323 deprecatore,
793 2265 809 2302 a
823 2246 989 2320 Sequanis
982 2258 1172 2322 impetrarent.

142 2332 178 2386 25
192 2322 353 2382 Dumnorix
382 2325 474 2400 gratia
500 2336 529 2384 et
563 2325 712 2401 largitione
739 2325 814 2421 apud
841 2325 988 2421 Sequanos
1020 2324 1174 2400 plurimiun

89 2435 91 2442 >
191 2414 310 2492 poterat,
324 2414 354 2461 et
371 2403 511 2461 Helvetiis
523 2415 584 2462 erat
599 2404 717 2471 amicus,
731 2401 808 2478 qadd
822 2422 859 2460 ex
877 2403 913 2461 eti
927 2402 1041 2460 civitate
1055 2402 1175 2493 Orgeto-

191 2481 260 2557 rigis
281 2481 389 2542 filiam'
382 2501 412 2540 ιιι
433 2484 643 2542 matrimonium
657 2484 786 2550 duxerat,
800 2493 839 2550 et,
860 2481 1016 2570 cupiditate
1028 2501 1112 2571 regni
1104 2481 1175 2539 '-ad

191 2560 302 2629 ductus,
317 2561 397 2620 novis
417 2564 502 2620 rebus
515 2565 657 2634 studebat,
672 2573 701 2619 et
717 2559 803 2637 qudm
824 2561 960 2636 plurimas
980 2560 1110 2618 civitates
1123 2579 1174 2620 suo

191 2639 245 2695 sibi
258 2641 399 2698 beneficio
409 2643 514 2699 habere
527 2642 678 2700 obstrictas
688 2641 808 2697 volebat.
850 2637 950 2712 Itaque
971 2658 1031 2696 rem
1045 2639 1173 2716 suscipit,

142 2724 177 2777 80
190 2726 220 2772 et
234 2736 250 2773 a
264 2718 424 2790 Sequanis'
418 2729 558 2814 impetrat,
573 2730 605 2776 ut
623 2738 674 2793 per
688 2717 759 2773 lines
772 2735 838 2772 suos
852 2715 1019 2774 Helvetios'
1012 2736 1052 2774 rre
1065 2717 1175 2792 patian-

191 2803 246 2865 tur,
272 2794 440 2868 obsidesque
465 2794 506 2853 uti
530 2796 604 2852 inter
628 2814 690 2851 sese
718 2795 795 2860 dent,
822 2794 949 2880 perlicit:
979 2795 1114 2870 Sequani,
1136 2815 1174 2853 ne

190 2871 291 2929 itinere
313 2871 460 2929 Helvetios
461 2873 667 2962 prohibeant;
697 2871 831 2944 Helvetii,
853 2883 884 2930 ut
904 2859 965 2931 sirie
986 2873 1127 2961 maleficio
1144 2883 1174 2931 et

190 2949 294 3025 injuria
307 2961 495 3008 transeant

228 3029 267 3089 X.
309 3029 417 3086 Cesari
450 3029 645 3102 renunciatur,
673 3028 813 3086 Helvetiis
845 3049 907 3087 esse
934 3029 963 3087 in
998 3030 1094 3088 animo
1123 3051 1174 3107 per

141 3115 290 3183 35agrbrn
310 3109 505 3183 Sequanorum
519 3120 548 3166 et
569 3107 729 3165 AEduorum
747 3107 800 3165 iter
821 3108 851 3165 in
870 3108 1030 3166 Santonrim
1048 3109 1120 3166 fines
1134 3109 1175 3167 fa·

190 3204 265 3254 cere,
280 3186 328 3264 qui
343 3206 400 3244 non
421 3186 505 3263 longe
521 3186 730 3245 aTolosatium
751 3186 856 3244 finibus
869 3188 981 3254 absunt,
996 3207 1059 3262 qure
1073 3187 1174 3246 civitas

190 3265 276 3322 estin
295 3265 454 3324 Provincia.
497 3265 531 3322 Id
553 3264 880 3341 srfieret‚intelligebat,
899 3285 1085 3342 magnacum
1106 3266 1175 3325 Pro-

139 3347 144 3354 '
190 3341 291 3400 vincire
311 3345 438 3420 periculo
459 3345 594 3415 futurum,
616 3355 647 3400 ut
665 3311 795 3401 liomines
816 3345 973 3441 bellicosos,
992 3343 1093 3420 Populi
1114 3345 1175 3404 Ro·
1267 3341 1270 3348 ’

191 3419 269 3476 mani
302 3423 441 3491 inimicos,
476 3424 547 3482 locis
579 3422 742 3498 patentibus
761 3422 955 3513 maximeque
982 3423 1174 3481 frumentariis

142 3503 177 3558 to
191 3498 325 3556 finitimos
339 3501 463 3560 haberet.
504 3502 553 3560 Ob
563 3521 613 3559 eas
627 3519 729 3558 causas
742 3500 768 3558 ei
780 3501 941 3566 munitioni
956 3519 1041 3575 quam
1055 3497 1173 3574 fecerat,

191 3577 228 3634 T
244 3577 403 3636 Labienum
417 3573 542 3656 legatum
562 3570 736 3655 praefecit’:'
729 3599 789 3654 ipse
803 3581 832 3638 in
847 3580 961 3638 Italiam
975 3579 1088 3655 magnis
1108 3579 1174 3638 itin-

190 3655 285 3713 eribus
297 3657 459 3725 contendit,
474 3661 600 3733 duasque
615 3658 654 3715 ibi
668 3658 795 3735 legiones
807 3657 972 3725 conscribit,
986 3669 1016 3715 et
1029 3670 1096 3727 tres,
1110 3677 1173 3735 que

191 3735 299 3792 circum
323 3735 487 3826 Aquileiam
511 3737 686 3804 hiemabant,
713 3757 749 3794 ex
772 3736 899 3794 hibernis
919 3736 1026 3808 educit,
1053 3748 1091 3804 et,
1115 3739 1173 3812 qua

190 3813 349 3893 pmxiurum
363 3814 415 3872 iter
436 3813 466 3871 in
480 3814 642 3874 ulteriorem
655 3815 779 3873 Galliam
792 3831 843 3889 per
857 3812 946 3889 Alpes
963 3825 1033 3882 erat,
1048 3835 1115 3873 cum
1129 3815 1174 3873 bis
