2590 4424
449 331 733 382 mmmmm
1036 327 1040 334 '
1094 339 1133 398 47

135 475 248 542 XXVL
291 473 426 541 Crassus,
440 472 566 548 equitum
578 473 727 548 prefectos
740 473 912 544 cohortatus,
925 486 958 534 ut
970 477 1083 554 magnis

96 556 219 632 premiis
240 549 550 631 pollicitationibusque
570 569 637 608 suos
653 550 821 618 excitarent,
835 547 913 626 quid¹
925 554 987 612 fieri
1004 557 1081 626 velit,

96 633 226 692 ostendit.
267 630 327 698 Illi,
340 641 375 688 ut
386 639 448 695 orat
460 629 637 704 Imperatum,
651 628 764 686 eductis
774 641 895 704 quatuor
909 633 1081 704 cohortibus,
1096 674 1102 687 .

96 731 168 786 qnae,
193 709 328 786 presidio
351 708 453 766 castris
475 703 591 781 relicte,
613 707 717 766 intritae
744 708 780 766 ab
802 707 898 766 labore
922 721 1014 779 erant,
1042 724 1080 782 et,

96 789 223 866 longiore
237 788 340 846 itinere
359 785 574 858 circumductis,
587 805 625 843 ne
645 802 682 842 ex
694 785 819 844 bostium
832 788 933 844 castris
953 791 1081 866 conspici
1107 799 1126 852 5

96 878 219 944 possent,
245 865 377 926 omnium
402 864 496 924 oculis
520 863 720 939 mentibusque
742 866 777 922 ad
800 884 926 941 pugnam
953 866 1079 937 intentis,

96 947 226 1004 celeriter
238 945 275 1002 ad
285 963 344 1011 eas,
355 963 425 1019 quas
435 942 570 1009 diximus,
579 941 752 1000 munitiones
759 955 964 1020 pervenerunt;
986 956 1079 1020 atqua,

96 1025 140 1082 his
152 1023 287 1099 prorutis,
301 1021 380 1098 pribs
393 1021 424 1080 in
436 1020 560 1078 hostium
570 1019 671 1077 castris
684 1022 880 1090 constiterunt,
890 1021 976 1098 qudm
993 1024 1080 1099 planti

98 1103 134 1159 ab
147 1102 184 1159 iis
199 1100 299 1168 videri,
321 1110 378 1168 aut,
396 1099 463 1175 quid
479 1099 521 1156 rei
534 1109 689 1174 gereretur,
706 1101 841 1175 cognosci
857 1112 959 1176 posset
1001 1103 1079 1160 Tum

98 1178 177 1246 verb,
193 1179 319 1236 clamore
333 1178 369 1235 ab
381 1179 416 1234 eb
432 1188 509 1254 parte
523 1176 732 1246 audito„nostri
745 1178 944 1254 redIntegrntis
962 1181 1077 1250 viribus,
1090 1189 1124 1243 10

97 1258 173 1332 quod
194 1255 363 1332 plerirmque
383 1256 412 1314 in
437 1275 486 1332 spe
506 1255 631 1314 victorie
655 1255 786 1314 accidere
804 1255 963 1326 cousuevit,
985 1259 1080 1318 acrius

99 1336 269 1426 impugnare
277 1344 430 1410 coeperunt.
473 1321 1080 1412 Hosterundiquccircumventi,desperatis

98 1413 231 1472 omnibus
254 1414 349 1481 rebus,
370 1433 401 1470 se
423 1432 473 1490 per
494 1411 668 1470 munitiones
681 1413 814 1489 dejicere,
828 1425 857 1471 et
878 1414 946 1490 fugi
959 1415 1079 1472 salutem

98 1501 193 1568 petere
201 1491 425 1550 contenderunt:¹
472 1490 557 1553 Quos
588 1491 730 1565 equitatus
756 1492 939 1568 apertissimis
971 1494 1079 1571 campis

98 1579 292 1636 consectatus,
324 1589 360 1626 err
392 1569 512 1628 millium
548 1568 754 1646 quinquagInta
785 1590 914 1639 numero,
948 1591 1010 1649 quie
1043 1591 1079 1630 ex
1090 1581 1124 1635 15

98 1647 260 1722 Aquitanis
285 1647 490 1724 Cantabrisque
522 1647 689 1704 convenisse
722 1650 880 1716 constabat,
907 1650 954 1706 vix
979 1652 1080 1725 quartia

97 1736 181 1802 parte
195 1725 304 1792 relicti,
318 1727 404 1792 multi
417 1737 502 1796 nocte
515 1745 546 1784 se
560 1726 590 1784 in
604 1737 698 1783 castra
709 1725 819 1801 recipit.

137 1803 271 1861 XXVII.
312 1804 378 1862 uto
392 1805 489 1863 auditi
502 1805 610 1880 pugna,
623 1805 749 1864 maxima
761 1823 826 1878 pars
840 1803 1004 1878 Aquitania
1017 1823 1079 1860 sese

98 1883 203 1962 Crasso
213 1882 332 1950 dedidit,
345 1883 515 1958 obsidesque
529 1883 602 1940 ultro
616 1882 710 1940 misit:
731 1901 787 1958 quo
795 1881 825 1940 in
833 1900 953 1940 numero
966 1883 1080 1939 luerunt

98 1959 238 2028 Tarbelli,
249 1961 440 2036 Bigerriones,
454 1961 597 2028 Preciani,
609 1961 743 2028 Vocates,
758 1959 923 2026 Tarusates,
938 1959 1079 2028 Elusates,
1089 1969 1125 2022 20

98 2032 220 2106 Garites,
235 2039 338 2112 Ausci,
352 2040 503 2106 Garumni,
518 2040 681 2106 Sibuzates,
696 2039 858 2098 Cocosates.
900 2037 1004 2096 Pauoae
1017 2038 1082 2096 ulti·

98 2137 150 2174 mae
173 2117 316 2184 nationes,
341 2118 410 2175 anni
431 2129 556 2192 tempore
579 2117 704 2185 confisa,
730 2117 807 2192 qudd
831 2119 931 2192 hyems
956 2117 1080 2185 suberat,
1155 2153 1157 2157 ,

98 2196 151 2254 hoc
165 2195 467 2270 facereneglexerunt.
798 2205 801 2212 '
1030 2243 1031 2246 ,

95 2319 96 2324 κ
135 2273 285 2332 XXVIII.
328 2273 438 2330 Eodem
454 2273 514 2332 ferti
536 2284 662 2350 tempore
683 2274 791 2344 Caesar,
805 2277 860 2334 etsi
873 2296 960 2353 prope
980 2287 1083 2335 exacta

95 2351 153 2426 jam
178 2362 263 2409 aestas
285 2363 356 2424 erat,
380 2362 487 2420 tamen,
510 2351 597 2427 qubd,
621 2353 700 2411 omni
725 2355 820 2412 Gallia
837 2357 949 2430 pacati,
974 2353 1126 2416 Morini25

99 2429 285 2506 Menapiique
309 2441 485 2506 supererant,
499 2430 548 2505 qui
572 2431 602 2488 in
616 2432 702 2490 armis
721 2443 937 2508 emeritaeque
957 2434 993 2490 ad
1015 2451 1082 2490 eum

99 2528 227 2584 unquam
251 2509 360 2584 legatos
386 2510 422 2564 de
445 2527 516 2584 pace
550 2509 703 2575 misissent,
731 2511 881 2568 arbitratus
898 2511 944 2566 'id
977 2510 1081 2568 bellum

99 2586 230 2644 celeriter
238 2586 342 2644 confici
362 2606 454 2663 posse,
468 2585 504 2646 eb
524 2588 682 2646 exercitum
704 2588 836 2644 adduxit:
856 2587 905 2661 qui
926 2585 1013 2660 longe
1026 2587 1082 2642 alia

27 2729 29 2734 ,
98 2665 218 2733 tallone,
241 2685 275 2722 ac
299 2665 400 2741 reliqui
419 2665 505 2738 Galli,
529 2667 635 2724 bellum
657 2683 740 2740 agere
764 2664 954 2723 instituerunt.
1004 2663 1082 2723 Nam

99 2742 173 2817 quod
187 2743 397 2820 intelligebant,
411 2745 550 2802 maximas
570 2745 710 2811 nationes,
724 2763 786 2818 quae
806 2743 903 2819 praelio
921 2742 1127 2804 contendis-30

99 2834 168 2890 sent,
203 2823 302 2897 pulsas
335 2834 536 2898 superatasque
562 2843 634 2891 esse,
662 2823 896 2898 continentesque
929 2821 1023 2897 sylvas
1048 2840 1082 2880 ac

99 2901 214 2974 paludes
237 2901 392 2968 habebant,
419 2899 454 2959 ed
481 2921 512 2958 se
539 2921 645 2978 suaque
671 2901 768 2959 omnia
793 2902 983 2959 contulerunt.
1033 2902 1082 2958 Ad
1167 2913 1169 2916 ·

99 2998 217 3052 quarum
239 2979 354 3036 initium
367 2979 507 3054 sylvarum
520 2999 608 3054 quum
622 2981 719 3038 Cesar
732 2980 914 3056 pervenisset,
933 2989 1082 3052 castraque

100 3059 208 3114 munire
223 3057 403 3124 instituisset,
417 3073 510 3134 neque
531 3059 619 3123 hostis
633 3058 746 3116 interim
760 3059 836 3116 vIsus
848 3067 932 3130 esset,
949 3056 1083 3133 dispersis

100 3134 127 3190 in
139 3155 226 3212 opere
237 3136 351 3202 nostris,
360 3136 455 3194 subito
468 3157 504 3196 ex
515 3137 647 3204 omnibus
657 3137 783 3212 partibus
796 3138 880 3214 sylvae
891 3136 1081 3204 evolaverunt,
1092 3145 1127 3198 35

100 3223 126 3268 et
139 3214 169 3270 in
184 3225 297 3272 nostros
310 3215 447 3290 impetum
467 3218 605 3292 lecerunt.
647 3216 745 3274 Nostri
765 3217 894 3276 celeriter
909 3235 987 3274 arma
1000 3232 1082 3286 cepe·

100 3303 176 3362 runt,
224 3312 294 3368 sque
308 3293 338 3350 in
352 3293 443 3368 sylvas
456 3295 636 3370 repulerunt3
658 3306 697 3362 et,
711 3295 903 3372 compluribus
916 3289 1080 3355 interfectis,

41 3440 47 3448 Ι
100 3312 222 3514 lion&
233 3371 460 3447 impeditioribus
480 3373 550 3431 locis
573 3373 674 3440 secuti,
688 3393 796 3449 paucos
816 3391 851 3428 ea
874 3370 932 3426 suis
953 3367 1083 3441 deperdi-

70 3463 85 3504 t
121 3467 150 3504 er
205 3493 211 3506 .

78 3519 95 3568 ²
140 3525 257 3586 XXIX.
300 3529 432 3606 Reliquis
452 3530 589 3606 deinceps
610 3530 721 3598 diebus,
743 3531 839 3587 Caesar
860 3525 951 3599 sylvas
972 3528 1128 3592 credereto

103 3603 240 3675 instituit';
270 3618 309 3675 et,
325 3605 373 3684 um
384 3609 454 3684 quis‘
469 3609 624 3668 iuermibus
645 3606 924 3685 imprudentibusque
946 3605 1083 3664 militibus

103 3683 139 3738 ab
163 3682 249 3742 latere
271 3685 396 3761 impetus
414 3688 476 3746 fieri
496 3699 600 3762 posset,
622 3705 735 3747 omnem
753 3703 818 3742 eam
838 3684 996 3756 materiam,
1020 3703 1084 3758 que
1169 3747 1174 3754 ,

102 3772 163 3818 erat
184 3780 266 3832 caasa,
289 3783 456 3822 conversam
476 3767 512 3830 ad
533 3767 642 3826 hostem
655 3763 822 3831 collocabat,
844 3773 873 3820 et
893 3763 1031 3838 provallo
1047 3761 1082 3818 ad

103 3849 251 3918 utrumque
284 3842 359 3902 latus
385 3846 555 3904 exstruebat
610 3841 776 3902 Incredibili
808 3842 953 3902 celeritate
980 3857 1083 3913 magno
