2564 4422
412 309 540 374 lilllssb
556 309 723 372 QUINTUS.
758 344 760 351 ·
1078 325 1120 398 gg

79 453 220 526 firmavit3
241 470 361 538 queque
382 451 412 512 in
433 453 562 520 Treviris
581 465 759 530 gererentur,
779 457 913 519 ostendit·
954 458 996 518 At
1018 459 1068 520 In·

59 517 256 596 sdutiomarus
276 529 436 608 equitatum
456 531 669 611 peditatumque
691 552 805 610 eogere,
827 535 927 612 iisque,
948 537 997 614 qui
1016 559 1067 616 per

79 622 191 671 ertatem
212 611 243 671 in
265 611 352 681 armis
374 630 437 670 esse
460 630 518 670 non
575 620 678 679 terant,
698 611 728 670 in
749 613 857 688 sylvam
877 615 1067 678 Arduennam

78 691 192 758 abditis,
207 710 271 769 quer
285 690 397 766 ingenti
405 690 534 766 magnitu
555 690 603 748 ine
616 709 667 768 per
677 691 786 750 medios
799 692 871 750 fines
882 693 1066 758 Trevirorum

55 821 59 828 .
79 789 96 828 a
108 769 226 828 flumine
237 769 345 834 Rheno
359 769 395 826 ad
409 767 522 829 initium
533 769 693 828 Remorum
702 770 835 845 pertinet,
847 771 952 830 bellum
965 793 1065 849 parare
1092 783 1110 836 5
1162 767 1169 788 “

52 854 60 876 ¹
77 848 208 906 instituit
252 848 311 904 Sed
324 845 522 923 posteaquam
541 846 672 904 nonnulli
684 847 829 924 principes
841 869 879 908 ex
890 849 926 908 ed
939 850 1064 922 civitate,

76 935 105 984 et
119 926 313 994 familiaritate
334 924 528 1004 Cingetorigis
542 925 669 994 adducti,
690 937 719 984 et
741 928 865 986 adventu
878 930 968 990 nostri
987 950 1066 989 exer·
1175 969 1184 984 .

76 1004 153 1064 citus
176 1004 330 1082 perterriti,
352 1003 388 1064 ad
409 1003 554 1071 Gaesarem
574 1015 723 1073 venerrmt,
747 1016 776 1064 et
796 1006 833 1065 de
856 1005 915 1066 suis
934 1007 1065 1084 privatim

75 1084 166 1152 rebus
181 1083 266 1142 abeo
285 1092 382 1158 petere
395 1093 551 1160 caeperunt,
567 1081 702 1159 quoniam
715 1082 823 1144 civitati
843 1085 992 1146 consulere
1005 1107 1064 1148 non

74 1171 216 1236 posseutr
237 1155 448 1226 Indutiomarus
470 1161 586 1230 neritus,
608 1181 645 1220 ne
667 1163 703 1220 ab
724 1163 855 1222 omnibus
876 1165 1063 1238 desereretur,
1075 1173 1110 1249 ψ

75 1239 189 1316 legates
204 1239 241 1298 ad
263 1239 405 1300 cesarem
420 1240 522 1311 mittit,
545 1239 636 1300 ‘Sese
657 1240 765 1300 idcirco
779 1243 816 1300 ab
833 1242 892 1300 suis
905 1243 1063 1314 discedere,
1089 1252 1091 1261 '

77 1329 161 1394 atque
177 1318 214 1379 ad
229 1337 297 1390 eum
311 1318 405 1382 venire
417 1319 553 1389 noluisse,
567 1318 624 1396 qud
639 1317 751 1379 facilius
769 1321 914 1380 civitatem
927 1322 957 1382 in
969 1323 1065 1382 officio

76 1397 247 1467 contineret,
262 1415 300 1460 ue
313 1397 405 1456 omnis
418 1397 575 1459 nobilitatis
594 1398 723 1459 discessu
735 1400 817 1476 plebs
829 1413 943 1478 propter
959 1401 1065 1479 impru-

77 1475 205 1544 dentiam
224 1475 377 1541 laberetur.
426 1475 529 1554 Itaque
550 1496 613 1536 esse
634 1477 779 1538 civitatem
797 1480 828 1538 in
841 1481 893 1540 sud
913 1491 1063 1558 potestate,
1106 1500 1109 1515 ¹

76 1573 177 1632 seque,
190 1555 216 1612 si
236 1555 332 1622 Cesar
386 1554 535 1626 rmitteret,
550 1557 587 1614 ad
608 1575 675 1616 eum
696 1557 726 1616 in
746 1569 840 1618 castra
852 1570 1013 1630 venturum,
1034 1570 1064 1618 et
1075 1566 1110 1622 lc

75 1651 148 1701 suaa
161 1632 337 1710 trinitatisque
360 1646 476 1696 ortunas
489 1635 552 1713 ejus
566 1635 634 1694 fidei
683 1636 869 1696 missurum?

116 1709 173 1770 IV.
215 1711 387 1780 carcasensi
407 1714 588 1790 intelligebat
606 1655 712 1792 qudede
726 1715 815 1773 causi
834 1735 870 1774 ea
890 1715 1063 1786 dicerentur,

75 1809 198 1866 quaeque
218 1809 284 1848 eum
304 1810 349 1849 res
368 1793 404 1850 ab
424 1792 555 1855 instituto
581 1793 700 1852 consilio
720 1793 884 1862 deterreret,
898 1804 1005 1862 tamen,
1025 1812 1065 1852 nc

76 1879 204 1936 estatem
218 1868 249 1928 in
259 1868 386 1932 Treviris
399 1891 569 1936 consumere
583 1882 743 1950 cogeretur,
754 1870 888 1932 omnibus
901 1875 937 1947 ad
951 1871 1064 1931 Britan-

75 1947 173 2012 nicum
198 1947 303 2010 bellurn
324 1949 410 2008 rebus
431 1951 612 2026 comparatis,
634 1950 862 2010 Indutiomarum
884 1952 974 2007 adse
996 1967 1063 2008 cum
1072 1955 1115 2028 ao·

75 2025 207 2091 ducentis
227 2025 375 2090 obsidibus
397 2025 495 2087 venire
513 2026 607 2104 jussit
649 2025 705 2086 His
723 2027 864 2098 adductis,
885 2027 916 2086 in
939 2027 974 2086 iis
994 2027 1062 2096 filio,

75 2104 294 2182 propinquisque
327 2104 390 2181 ejus
415 2105 560 2174 omnibus,
593 2124 664 2180 quos
690 2105 859 2166 nominatim
886 2116 1062 2176 evocaverat,

76 2184 237 2247 consolatus
255 2183 485 2244 Indutiomarum
506 2185 689 2260 hortatusque
710 2196 762 2254 est,
778 2184 819 2243 utl
840 2187 872 2245 in
886 2187 981 2246 officio
1000 2204 1064 2264 per-

25 2311 29 2319 .
75 2272 220 2328 manmet:
241 2261 331 2322 nihilo
351 2273 449 2323 tamen
463 2260 569 2330 accida,
583 2262 761 2340 principibus
781 2265 967 2324 Trevirorum
980 2265 1017 2324 ad
1032 2284 1064 2324 se

76 2339 248 2408 convocatis,
260 2341 311 2400 bos
321 2340 366 2403 sin
388 2341 488 2412 illatim
499 2341 677 2418 Cingetorigi
688 2342 870 2401 conciliavit:
888 2345 963 2420 quod
976 2349 1108 2419 quumac

77 2419 176 2482 merito
192 2419 256 2498 ejus
270 2420 306 2478 ab
318 2439 349 2478 se
366 2361 430 2486 beri
451 2412 629 2498 intelligebat
642 2431 703 2478 tum
716 2421 814 2498 magni
833 2421 970 2480 interesse
991 2422 1065 2480 arbi-

76 2497 213 2566 trabatur,
227 2497 288 2574 ejus
302 2498 501 2560 auctoritatem
517 2497 591 2557 inter
604 2519 669 2557 suos
683 2498 769 2574 quam
788 2499 943 2574 plurimum
958 2499 1062 2568 valere,

76 2574 159 2653 cujus
172 2586 232 2636 tam
239 2575 384 2654 egregiam
398 2575 429 2636 in
442 2596 473 2636 se
487 2577 661 2637 voluntatem
673 2576 870 2652 perspexisset.
911 2576 946 2632 Id
955 2575 1063 2634 sactum

75 2654 200 2730 graviter
208 2655 270 2714 tulit
278 2655 501 2724 Indutiomarus,
512 2676 595 2717 suam
602 2655 724 2732 gratiam
735 2654 807 2712 inter
816 2674 882 2712 suos
892 2649 982 2711 minui
992 2673 1001 2724 3
1022 2664 1061 2722 ct,

76 2733 123 2808 qui
131 2734 194 2812 jam
209 2731 276 2795 aute
291 2733 409 2799 inimic>
421 2735 452 2796 in
470 2755 523 2794 nos
544 2735 639 2794 animo
653 2733 761 2802 fuisset,
775 2732 865 2792 multd
879 2730 994 2812 gravida
1007 2733 1062 2792 hoc
1071 2737 1108 2794 30

77 2811 171 2872 dolore
184 2813 300 2873 camut.
812 2857 813 2862 η

114 2891 150 2950 V.
193 2891 250 2950 His
271 2891 358 2958 rebus
380 2892 551 2962 constitutis,
574 2892 672 2950 Caesar
694 2889 729 2950 ad
752 2901 865 2968 portum
885 2890 973 2950 Itium
996 2911 1064 2950 cum

19 3041 20 3048 ἵ
76 2967 236 3052 legionibps
250 2969 389 3048 pervenit.
429 2969 476 3030 Ibi
490 2971 647 3051 cognoscit,
662 2970 718 3028 XL
728 2989 825 3039 naver,
839 2989 902 3047 quae
916 2970 946 3028 in
958 2967 1065 3029 Meldia

19 3055 21 3126 g
77 3047 266 3120 lactescant,
280 3060 448 3127 tempestate
462 3050 594 3128 rejectas,
609 3069 724 3108 cursum
743 3061 842 3108 tenere
855 3067 914 3108 non
927 3049 1063 3125 potuisse,

77 3138 158 3206 atque
191 3125 307 3200 eddam,
341 3130 418 3200 unde
452 3139 534 3188 erant
563 3129 708 3206 prosecta,
742 3129 908 3188 revertisse:
941 3128 1109 3204 reliqnas3b

20 3208 23 3226 ¹
75 3218 187 3282 paratas
222 3209 259 3268 ad
286 3207 491 3286 navigandum,
526 3218 610 3284 atque
635 3206 769 3266 onmibus
795 3210 881 3268 rebus
911 3206 1064 3266 instructas

19 3284 24 3310 ³
77 3283 192 3345 invenit.
245 3285 358 3346 Eddem
378 3288 465 3348 totius
488 3287 590 3346 Gallie
612 3287 755 3363 equitatus
779 3286 923 3357 convenit,
944 3301 1064 3341 numero

75 3363 195 3424 millium
218 3377 349 3442 quatuor,
373 3366 729 3444 principesqueomnibus
755 3386 791 3424 err
816 3360 993 3423 civitatibus:
1027 3378 1064 3427 ex

74 3443 179 3518 quibus
190 3445 360 3522 perpaucos,
374 3447 494 3524 quorum
507 3445 545 3503 in'
555 3465 587 3503 se
600 3445 687 3524 fidem
699 3451 889 3523 perspexerat,
903 3435 1064 3516 relinquere

74 3520 106 3578 in
125 3521 375 3601 Gallib,·reliqo0s
391 3525 525 3584 obsidum
544 3525 608 3582 loco
632 3543 730 3582 secum
750 3524 856 3581 ducere
880 3520 1109 3592 decreverat340

73 3597 167 3682 qnod,
180 3621 264 3677 quum
278 3603 339 3681 ipse
354 3605 476 3672 abesset,
491 3614 599 3662 motum
613 3603 716 3662 Gallie
727 3602 884 3660 verebatur.

115 3677 174 3737 VI·
211 3681 282 3743 Erat
295 3682 355 3742 und
376 3701 444 3742 cum
464 3682 576 3752 ceteris
593 3679 754 3742 Dumnorix
775 3679 899 3749 AEduus,
921 3678 957 3737 de
970 3697 1026 3754 quc
1047 3697 1065 3735 a

74 3757 162 3818 nobis
176 3771 258 3822 antea
278 3761 389 3832 dictum
402 3772 454 3819 est
496 3762 585 3820 Hunc
598 3779 697 3818 secum
717 3759 823 3818 habere
837 3758 868 3818 in
885 3757 984 3835 primis
997 3773 1064 3812 con·

74 3837 215 3910 stituerat,
249 3840 329 3917 qubd
361 3859 429 3900 eum
455 3840 591 3917 cupidum
617 3857 712 3898 rerum
745 3856 892 3906 novarum,
926 3831 1061 3910 cupidum
