2590 4424
149 297 186 358 ro
503 256 861 348 nuenaaoeramoo

195 438 342 515 comperit,
364 447 412 497 tut
432 437 521 514 ipsius
542 438 689 503 adeamus,
712 447 761 494 aut
777 434 910 502 Labieni,
931 435 1063 512 cognitus
1083 444 1184 495 esset:

196 517 359 584 Considius,
379 534 452 592 equo
475 516 608 582 admisso,
633 515 668 571 ad
689 532 756 572 eum
780 514 921 583 accurrit;
949 513 1020 572 dicit
1041 525 1184 582 montem,

195 613 280 671 quem
301 595 458 652 aLabieno
477 592 612 669 occupari
626 591 753 659 voluerit,
775 592 811 648 ab
825 591 952 649 hostibus
972 592 1082 662 teneri;
1104 593 1134 650 id
1147 613 1185 650 se

195 691 232 730 ex
252 673 370 732 Gallicis
385 671 469 730 armis
490 681 574 748 atque
595 668 755 746 insignibus
775 670 951 746 cognovisse.
993 670 1090 728 Oaesar
1112 689 1185 730 suas

170 752 292 827 beopias
300 751 330 809 in
338 751 497 827 proximum
506 749 607 808 collem
616 747 758 816 subducit,
769 748 860 805 aciem
869 747 990 806 instruit.
1022 749 1183 818 Labienus,

197 841 228 887 ut
240 840 301 887 erat
313 830 341 887 ei
353 839 527 906 praeceptum
541 847 559 884 a
571 826 696 895 Cesare,
711 845 749 884 ne
766 826 895 902 prelium
909 827 1108 895 committeret,
1122 829 1184 886 nisi

196 908 284 984 ipsius
296 907 386 984 copiae
398 925 485 983 prope
499 906 621 964 hostium
634 917 728 964 castra
741 905 807 962 visre
821 915 926 973 essent,
937 915 969 962 ut
982 905 1107 982 undique
1120 925 1184 966 uno

196 997 323 1060 ternpore
350 986 380 1043 in
403 987 497 1043 hostes
518 985 645 1062 ‚impetus
668 984 757 1050 fieret,
781 987 880 1040 montc'
903 994 1043 1059 occupato
1069 995 1183 1043 nostros

196 1064 389 1139 exspectabat,
411 1063 561 1140 praelioque
586 1063 755 1121 abstinebat.
797 1061 889 1120 Multo
910 1062 1032 1138 denique
1058 1063 1104 1120 die
1127 1083 1181 1139 per

156 1141 386 1218 ldexploretores
412 1142 510 1200 Caesar
533 1140 675 1217 cognovit,
699 1150 728 1196 et
750 1151 876 1197 montem
903 1160 919 1198 a
943 1141 1001 1197 suis
1024 1141 1126 1208 teneri,
1149 1153 1182 1200 et

198 1219 344 1279 Helvetios
361 1231 454 1278 castra
475 1220 605 1286 movisse,
624 1229 653 1276 et
674 1217 852 1286 Considium,
867 1219 968 1276 timore
988 1216 1180 1296 perterritum,

196 1300 272 1373 quod
282 1317 341 1357 non
354 1299 479 1366 vidisset,
490 1317 541 1374 pro
552 1297 612 1355 viso
624 1295 679 1353 sibi
689 1296 882 1368 renuncidsse.
924 1297 968 1355 Eo
977 1297 1035 1370 die,
1046 1317 1101 1373 quo
1111 1315 1181 1356 oon-

197 1376 294 1434 sudrat
315 1376 471 1444 intervallo,
493 1378 588 1433 hostes
608 1374 743 1450 sequitur,
757 1385 785 1432 et
806 1375 895 1432 millia
914 1395 1049 1451 passuum
1070 1375 1125 1433 tria
1143 1377 1180 1434 ab

198 1472 296 1512 eorum
309 1455 409 1512 eastris
423 1466 516 1512 castra
528 1453 616 1530 ponit.

128 1537 191 1640 ᾗ
237 1531 357 1590 XXIII:
398 1533 536 1590 Postridie
557 1532 617 1608 ejus
637 1532 704 1600 diei,
719 1531 795 1608 quod
807 1533 924 1591 omnino
944 1533 1063 1592 biduum
1083 1552 1181 1610 snper·

197 1621 267 1678 erat,
289 1629 376 1686 quum
397 1612 524 1670 exercitu
545 1612 717 1669 frumentum
738 1612 830 1669 metiri
851 1622 1001 1688 oporteret,
1015 1621 1044 1670 et
1064 1611 1141 1687 quhd
1162 1632 1182 1671 a

124 1709 144 1746 ι·
197 1689 340 1758 Bibracte,
359 1689 463 1767 oppido
483 1691 643 1748 AEduorum
664 1689 749 1766 longe
771 1690 903 1750 maximo·
917 1709 952 1748 ae
973 1690 1179 1766 copiosissimo,

197 1786 255 1826 non
269 1768 390 1844 amplius
400 1769 525 1827 millibus
537 1787 672 1845 passuum
682 1768 790 1826 XVIII
803 1769 920 1838 aberat,
936 1769 978 1826 rei
989 1769 1180 1826 frumentaria

196 1847 426 1924 prospiciendum
458 1848 638 1914 existimavit,
673 1847 725 1920 iter
759 1847 796 1903 ab
829 1846 969 1904 Helvetiis
1001 1847 1110 1913 avertit,
1146 1866 1181 1906 ec

153 1923 330 1983 20Bibracte
354 1927 395 1984 ire
422 1926 578 1983 contendit.
629 1925 674 1982 Ea
695 1944 741 1981 res
766 1943 816 2001 per
840 1924 973 2002 fugitivos
996 1926 1029 1983 L.
1058 1925 1179 1994 AEmilii,

197 2004 360 2061 decurionis
379 2003 507 2078 equitum
521 2002 678 2069 Gallorum,
693 2002 821 2059 hostibus
841 2003 1003 2060 nunciatur.
1044 2003 1179 2071 Helvetii,

198 2099 249 2137 seu
262 2079 339 2156 qubd
352 2081 453 2138 timore
465 2079 627 2156 perterritos
640 2079 789 2137 Romanos
801 2080 948 2138 discedere
963 2099 980 2138 a
993 2099 1023 2138 se
1037 2081 1181 2139 existima·

198 2168 271 2224 rent,
295 2156 331 2215 ed
357 2156 459 2234 magis,
483 2157 558 2234 qudd
585 2157 685 2233 pridie,
710 2158 901 2233 superioribus
926 2159 997 2216 locis
1022 2160 1178 2234 occupatis,

197 2235 326 2310 praelium
347 2255 404 2294 non
426 2235 661 2306 commovissent3
690 2235 749 2293 sive
772 2234 818 2304 eh,
842 2235 920 2312 qudd
943 2256 974 2294 re
995 2238 1179 2296 frumentarii

136 2313 190 2374 '25
199 2312 350 2374 intercludi
363 2333 445 2391 posse
455 2315 631 2374 confiderent
642 2335 649 2385 ;
670 2325 844 2373 commutato
854 2314 973 2373 consilio
985 2325 1067 2390 etque
1079 2316 1180 2374 itinere

198 2411 344 2460 converso,
366 2403 476 2451 nostros
499 2413 517 2452 a
537 2393 689 2460 novissimo
712 2393 826 2472 agmine
847 2393 958 2470 insequi
983 2413 1017 2452 ac
1040 2394 1180 2452 lacessere
1244 2399 1247 2408 ’

198 2484 353 2548 coeperunt.
1175 2525 1178 2532 .

236 2551 351 2610 XXIV.
393 2553 544 2628 Postquam
565 2553 594 2610 id
609 2554 733 2612 animum
749 2553 879 2625 advertit,
893 2553 990 2628 copias
1003 2573 1069 2610 suas
1083 2553 1180 2611 Caesar

198 2629 228 2687 iu
247 2632 406 2706 proximum
430 2632 532 2690 collem
555 2632 698 2698 subducit,
720 2631 941 2706 equitatumque,
963 2631 1011 2706 qui
1030 2631 1181 2689 sustineret

153 2715 189 2768 30
198 2708 321 2765 hostiurn
330 2710 476 2786 impetum,
487 2709 572 2766 misit.
614 2707 680 2783 Ipse
691 2709 804 2765 interim
815 2708 845 2765 in
856 2710 927 2766 colle
938 2710 1032 2768 medio
1040 2709 1181 2786 triplicem

198 2785 290 2843 aciem
309 2787 441 2844 instruxit
453 2787 598 2862 legionum
618 2796 736 2861 quatuor
750 2796 956 2855 veteranarum,
971 2787 1020 2856 ite,
1034 2787 1076 2845 uti
1097 2807 1182 2864 supra

197 2883 228 2922 se
252 2864 282 2921 in
306 2883 417 2923 summo
436 2865 506 2941 jugo
530 2865 601 2921 duas
624 2864 760 2940 legiones,
785 2885 863 2940 quas,
878 2866 907 2923 in
931 2866 1026 2924 Gallia
1049 2866 1181 2925 citeriore

196 2943 325 3018 proxime
344 2944 561 3020 conscripserat,
575 2952 604 2999 et
616 2943 713 3001 omnia
734 2944 839 3002 auxilia
851 2945 1022 3002 collocaret:
1044 2964 1078 3002 ac
1091 2954 1181 3004 totum

197 3032 323 3078 montem
347 3022 509 3080 hominibus
535 3021 681 3096 compleri,
705 3033 734 3079 et
755 3023 864 3080 interea
886 3023 1014 3081 sarcinas
1037 3023 1181 3103 inunum

153 3100 292 3160 ailooum
306 3100 437 3167 conferri,
452 3111 564 3158 etcum
581 3100 617 3156 ab
630 3099 684 3167 his,
698 3101 790 3174 quiin
810 3102 953 3178 superiore
968 3101 1030 3159 acie
1048 3102 1183 3160 constite-

197 3190 271 3248 rant,
285 3179 390 3237 muniri
401 3179 494 3254 jussit.
536 3177 671 3245 Helvetii,
682 3197 749 3235 cum
762 3180 894 3237 omnibus
907 3180 967 3238 suis
980 3180 1068 3238 carris
1077 3181 1180 3250 secuti,

197 3255 445 3331 impedimentain
459 3277 549 3314 unum
567 3257 661 3314 locum
675 3258 874 3316 contulerunt:
895 3259 959 3335 ipsi,
974 3258 1181 3318 confertissimi

199 3334 260 3388 acie
286 3338 392 3412 rejecto
418 3347 514 3394 nostro
539 3335 675 3410 equitatu,
699 3336 840 3412 phalange
867 3338 953 3405 sacti,
982 3339 1035 3395 sub
1060 3335 1180 3412 primam

198 3419 323 3468 nostram
337 3416 428 3472 aciem
443 3425 651 3473 successerunt.

153 3496 190 3549 lo
237 3487 335 3546 XXV.
376 3493 482 3562 Oaesar,
504 3491 628 3570 primirrn
646 3471 710 3559 ino,
724 3494 828 3551 deinde
846 3491 1179 3569 omnium'exconspectu

198 3566 313 3624 remotis
346 3569 435 3643 equis,
462 3583 504 3640 ut,
532 3581 642 3648 nquato
667 3572 809 3630 omnium.
822 3571 959 3647 periculo,
994 3590 1073 3648 rpem
1107 3573 1179 3648 fuga

198 3645 317 3713 tolleret,
338 3647 499 3705 cohortatus
519 3670 594 3718 euos,
607 3649 736 3726 proelium
756 3649 907 3709 commisit.
950 3647 1098 3714 Milites,e
1118 3651 1180 3708 loco

197 3724 341 3798 superiore
354 3723 420 3797 pilis
433 3723 536 3789 missis,
550 3727 635 3783 facile
650 3729 773 3784 hostIum
790 3727 962 3799 phalangem
976 3729 1178 3804 perfregerunt.

197 3801 243 3862 Ei
272 3801 402 3880 disjecti,
429 3798 533 3876 gladiis
565 3801 707 3860 destrictis
733 3802 764 3856 iu
797 3819 846 3856 eos
872 3800 1009 3877 Impetum
1042 3807 1177 3866 fecerunt.
