2590 4424
444 307 769 366 summevsnus
912 341 914 350 ψ
1107 317 1136 384 2

155 449 255 510 xvi-1.
297 449 361 510 un
379 449 466 508 rebus
491 449 621 526 cognitis,
647 451 847 526 exploratores
862 453 1102 529 entnriontnque
1142 497 1152 510 .

114 528 269 606 premittit,
282 528 332 602 qui
345 527 441 586 locum
454 529 555 586 castris
568 528 702 586 idoneum
715 527 853 604 deligant
892 529 1049 608 Quumque
1061 552 1099 595 ex

1 647 2 651 η
114 606 252 664 dedititiis
273 605 372 680 Belgis
382 605 552 680 reliquisque
571 606 663 664 Gallis
675 607 839 682 complures
849 607 992 668 Cesaram
1005 611 1097 672 secuti

67 739 70 744 .
112 673 398 746 materiamen:
419 679 583 757 quidamex
597 684 651 750 his,
666 693 696 740 ut
709 695 807 758 postea
818 703 856 742 es
868 687 988 761 captivis
999 689 1098 766 cogni,
1151 745 1155 752 ,

112 773 176 820 tum
188 773 242 829 est,
256 780 354 820 eorum
374 761 485 818 dierum
499 761 707 818 consuetudine
725 761 835 822 itineris
854 765 942 824 nostri
955 767 1099 827 exercitiis
1121 776 1141 832 6

111 841 275 916 perspecta,
295 849 379 896 nocte
402 839 439 895 ad
460 837 583 896 Nervios
602 850 801 914 pervenerunt,
823 851 906 915 atque
927 841 962 898 iis
981 843 1098 905 (lernen,

111 919 250 984 strairunt,
275 917 347 974 inter
371 915 498 990 singulas
521 916 651 991 legiones
672 916 936 991 impedimentorum
960 939 1098 996 magnum

111 1014 268 1054 numerum
289 994 474 1060 intercedere,
498 1012 592 1067 neque
612 1013 675 1050 esse
695 995 848 1069 quidquam
871 997 995 1072 negotiI,
1009 1018 1099 1074 quum

110 1074 209 1150 prIma
228 1072 303 1147 legio
317 1072 347 1128 in
367 1082 460 1128 castra
472 1071 605 1138 venisset,
625 1071 795 1147 reliquisque
814 1074 941 1149 legiones
961 1095 1097 1153 magnum

112 1151 241 1226 spatium
269 1151 408 1216 abessent,
434 1151 509 1206 hanc
539 1150 593 1207 sub
618 1150 739 1208 sarcinis
765 1152 889 1208 adorirI:
921 1155 978 1227 qut
1003 1156 1141 1230 pulsnm

111 1228 384 1303 impedimentisque
404 1227 465 1284 dire
484 1227 531 1294 tis,
556 1223 691 1293 futurum,
716 1239 747 1285 ut
769 1229 884 1303 reliquae
906 1231 1007 1290 contris
1028 1252 1097 1292 com

54 1369 58 1378 ,
111 1305 214 1364 sistere
237 1324 297 1362 non
321 1247 486 1368 auderentb
514 1305 787 1379 Adjuvabat'etiam
813 1326 912 1364 eorum
935 1310 1096 1383 consilinm,

111 1384 164 1459 qui
184 1403 244 1441 rem
264 1383 439 1449 deserebant,
457 1380 535 1456 qnbd
558 1381 658 1440 Nervii
679 1384 842 1459 antiquitus,
863 1405 950 1460 quum
970 1388 1101 1462 equitatu

112 1462 186 1518 nihil
199 1471 324 1536 possent,
340 1460 538 1538 (nequeenim
553 1461 589 1517 ad
603 1462 657 1520 hoc
670 1473 781 1539 tempus
793 1465 821 1520 ei
841 1465 882 1522 rei
895 1465 1020 1533 student,
1034 1468 1095 1534 sed,

111 1539 252 1614 quidquid
283 1550 409 1614 possunt,
436 1539 615 1614 pedestribus
640 1540 734 1598 velent
766 1542 869 1620 copiis)
896 1542 953 1617 quo
983 1543 1141 1608 saciliivslti

112 1617 301 1674 finitimorum
322 1617 488 1691 equitatum,
512 1617 537 1674 si
557 1619 704 1692 predandi
726 1621 814 1676 causti
838 1621 873 1676 ad
894 1640 943 1678 eos
963 1623 1096 1690 venisset,

113 1694 297 1770 impedirent,
311 1695 415 1752 teneris
432 1695 581 1752 arboribus
594 1696 693 1752 incisis
707 1707 789 1770 atque
809 1696 930 1763 infleris,
944 1699 1052 1756 erebris
1066 1701 1095 1758 in

112 1772 295 1830 latitudinem
314 1774 400 1830 ramis
412 1785 442 1830 et
454 1773 534 1830 rubis
551 1775 734 1848 sentibusque
753 1774 917 1847 interjectis,
931 1775 1094 1844 effecerant,

112 1862 147 1908 nt
170 1851 258 1908 instar
281 1851 354 1908 inuri
378 1853 422 1908 hae
445 1871 528 1927 sepes
551 1852 729 1909 munimenta
754 1852 927 1927 preberent3
957 1851 1014 1926 qui>
1037 1873 1095 1910 nou

112 1928 200 1987 mode
224 1929 331 1996 intrari,
355 1931 407 1986 sed
434 1949 471 1986 ne
494 1929 617 2004 perspici
639 1930 753 2003 quidem
777 1939 880 2005 posset.
931 1929 986 1988 Hie
1011 1932 1149 1994 rebium·

111 2025 200 2083 quum
221 2007 273 2065 iter
294 2007 417 2082 agminis
437 2009 525 2064 nostri
543 2006 736 2082 impediretur,
757 2027 814 2066 non
833 2007 1022 2066 omittendum
1041 2009 1103 2068 sibi,
1174 2047 1179 2058 =

112 2085 265 2143 consilium
278 2085 379 2142 Nervii
393 2083 611 2142 estimaverunt.
1109 2157 1112 2162 .

153 2161 270 2220 XVIII.
311 2163 383 2220 Loci
402 2172 504 2220 natura
516 2173 577 2220 erat
597 2164 670 2229 hec,
683 2181 767 2238 quom
780 2163 875 2222 locum
895 2165 1098 2234 nostriosstris

113 2241 286 2316 delegerant.
328 2239 429 2307 Collis,
444 2241 480 2305 ab
500 2259 610 2302 summo
630 2241 773 2315 equaliter
791 2242 918 2312 declivis,
934 2246 970 2306 ed
990 2245 1104 2306 flunmn.

113 2319 225 2384 Sabim,
246 2320 320 2393 quod
339 2317 426 2394 supra
446 2319 665 2386 nominavimus,
682 2321 823 2396 vergebat.
865 2323 914 2378 Ab
926 2342 961 2380 eo
979 2323 1149 2386 flumine25„

112 2397 176 2474 pari
191 2395 349 2454 acclivitate
362 2397 443 2454 collis
457 2397 637 2465 nascebatur,
652 2398 786 2456 adversus
800 2399 867 2456 huic
880 2410 909 2456 et
927 2403 1094 2468 contrarius,

112 2494 217 2551 passus
237 2473 349 2530 circiter
369 2475 516 2541 ducentos,
536 2475 634 2532 infima
654 2487 776 2552 apertus,
798 2479 834 2534 ab
853 2479 996 2551 superiore
1017 2491 1096 2553 parte

113 2551 271 2628 sylvestris,
286 2562 316 2608 ut
336 2571 393 2610 non
412 2552 497 2610 facile
512 2553 649 2610 introrsus
668 2554 790 2628 perspici
809 2565 913 2629 posset.
954 2554 1035 2612 Intra
1046 2575 1096 2612 eas

113 2631 217 2706 sylvas,
243 2629 388 2688 hostes-in
411 2631 525 2688 occulto
543 2651 605 2688 sese
628 2632 832 2689 continebant:
863 2649 892 2686 rn
914 2642 1010 2705 aperto
1033 2632 1096 2690 loco

113 2705 276 2766 secuudirtn
290 2708 396 2766 flumen
409 2727 509 2785 paucte
522 2709 659 2766 stationes
672 2711 797 2784 equitum
811 2708 987 2778 videbantur,
1029 2710 1140 2772 niu-ao

114 2786 201 2844 minis
212 2797 275 2844 erat
288 2787 407 2845 altitudo
419 2788 525 2862 pedum
539 2787 652 2845 circiter
665 2789 760 2846 trium.

153 2865 241 2922 xlx.
283 2864 391 2946 Cesar,
407 2865 533 2940 equitatu
553 2866 707 2941 praemisso,
722 2867 944 2942 subsequebatur
963 2869 1097 2926 omnibus

113 2945 223 3018 copiis:
244 2943 295 3000 sed
309 2944 380 3020 ratio
393 2945 516 3018 ordoque
531 2946 653 3020 agminis
667 2945 747 3002 aliter
760 2965 791 3002 se
805 2946 937 3018 habebat,
952 2965 987 3004 ac
1000 2946 1096 3020 Belge

114 3022 150 3081 ad
158 3021 284 3083 Nervios
294 3022 462 3079 detulerant.
504 3021 591 3088 Nam,
603 3022 679 3096 qubd
694 3024 730 3080 ad
741 3025 835 3096 hostes
845 3024 1096 3100 appropinquabat,

113 3101 322 3179 consuetudine
336 3100 388 3157 sua
401 3099 499 3158 Caesar
512 3119 562 3158 sex
576 3101 703 3176 legiones
716 3103 862 3177 expeditas
873 3103 1014 3161 ducebat:
1034 3113 1097 3179 post
1105 3110 1143 3166 35

112 3197 163 3236 eas
176 3179 264 3236 totius
276 3179 419 3236 exercitos
437 3179 640 3254 impedimenta
653 3181 825 3239 colloebrat:
847 3182 913 3238 inde
927 3183 997 3240 ‘due
1011 3182 1097 3254 legio-

113 3275 176 3328 nes,
189 3275 253 3331 quae
267 3256 395 3332 proxime
409 3258 577 3333 conscripse
587 3269 679 3325 erant,
693 3269 782 3316 totum
798 3278 900 3334 agmen
914 3258 1098 3324 claudebant,

113 3336 301 3410 presidioque
314 3334 635 3410 impedimentiserant
677 3337 795 3410 Equites
812 3337 909 3401 nostri,
923 3353 989 3390 cum
1004 3333 1098 3394 sundi-
1161 3365 1162 3370 κ

112 3414 221 3470 toribus
232 3415 442 3488 sagittariisque
455 3413 561 3472 flumen
571 3416 749 3490 transgressi,
761 3433 826 3470 curn
838 3412 960 3469 hostium
969 3415 1098 3488 equitatu

113 3491 244 3566 prelium
257 3493 470 3550 commiserunt.
511 3491 612 3553 Quum
627 3512 657 3550 se
678 3493 718 3551 illi
732 3490 887 3549 identidem
907 3490 1043 3566 invsytvas
1061 3496 1152 3558 adli).

114 3587 184 3626 suos
214 3572 384 3644 reciperent,
412 3590 446 3628 ac
479 3589 576 3628 rursus
602 3589 639 3628 ex
666 3571 748 3644 sylvii,
769 3569 798 3626 in
825 3578 935 3630 nostros
962 3572 1098 3648 impetunt

113 3646 256 3712 fecerent,
274 3667 365 3722 neque
378 3650 465 3708 nostri
479 3646 602 3723 longitis,
614 3647 702 3722 quarn
716 3665 800 3720 quem
819 3645 854 3704 ad
869 3646 956 3706 linem
969 3661 1099 3725 porrecta

113 3743 149 3782 ac
161 3724 228 3782 loca
242 3737 336 3798 aperta
344 3728 534 3801 pertInebant,
543 3727 679 3784 cedentes
690 3725 799 3798 insequi
810 3726 964 3785 auderent:
985 3727 1098 3784 interim

111 3803 246 3882 legiones
271 3823 329 3872 sex,
353 3825 415 3879 qun
439 3805 537 3880 prime
562 3813 707 3870 venerant,
733 3821 819 3880 opere
841 3805 981 3874 dimenm,
1005 3814 1132 3933 casuau
1188 3879 1189 3884 η

180 3919 191 3938 ,
505 3899 510 3907 ·
801 3913 805 3920 .
1083 3919 1086 3926 .
1133 3889 1187 3928 ἐι.

1085 3938 1177 4093 ,Γ
