2564 4422
81 371 88 384 .
159 345 217 415 ιη
517 341 565 396 nu
582 339 699 396 neue
714 339 878 398 satureo

205 483 329 556 deturbat
362 483 522 562 imparium.
574 485 645 550 nm
670 484 766 546 obluat
795 483 1118 561 potetate-omnibus
1149 487 1195 548 ,δὴ

204 562 367 626 civitatibus
379 564 494 626 obsides
514 563 643 641 imperat,
663 575 775 626 eertum
794 581 946 626 numerum
963 563 1091 625 cuniam
1107 565 1145 626 ad
1163 585 1194 630 se

204 641 335 704 celeriter
361 644 467 702 adduci
486 643 590 720 jubet:
621 662 763 704 armorum
785 653 926 718 quantuni
948 661 1070 718 querque
1090 643 1194 706 cisitu

204 722 291 790 domi,
318 723 449 799 quodque
472 733 539 782 aute
561 733 674 799 tempus
696 721 813 789 efficiat,
837 721 1006 790 constitnit;
1037 721 1069 782 in
1096 723 1193 798 primis

173 801 342 878 denuitatui
361 803 472 860 studet:
492 821 611 862 summm
631 801 788 878 unigenae
808 819 951 862 summurn
964 799 1078 876 imperii
1090 803 1194 862 mvsi-

203 891 291 939 tatem
314 881 392 938 addit
404 902 410 937 :
421 959 427 972 ⁸
438 881 636 971 magnitudine
658 880 790 957 supplicii
811 879 976 970 dubitantes
992 880 1094 969 regin
1111 899 1192 949 nun,

139 1069 157 1083 ,,
203 958 1212 1112 ilrrrmrrnrrrnlnrra

204 1117 319 1174 domum
339 1117 467 1186 remittit,
488 1129 520 1176 ut
540 1119 598 1178 sint
618 1117 734 1192 reliquis
747 1117 930 1183 documento,
944 1126 974 1174 et
993 1117 1191 1192 magnitudine

156 1199 190 1258 10
202 1213 295 1272 poenae
308 1207 485 1271 perterreant
498 1197 576 1256 alios.

244 1275 281 1332 V.
322 1275 378 1334 His
406 1277 552 1352 suppliciis
577 1275 708 1334 celeriter
731 1283 833 1332 coacto
859 1273 998 1340 exercitu,
1025 1273 1191 1336 Lucterium

204 1353 380 1426 Cadurcum,
393 1373 512 1411 summae
533 1355 678 1412 hominem
700 1351 839 1420 audaeiae,
860 1371 927 1410 cum
945 1362 1025 1428 parte
1044 1353 1191 1428 copiarum

204 1431 234 1488 in
261 1431 393 1488 Rutenos
419 1431 527 1489 mittit:
561 1431 621 1507 ipse
646 1432 677 1490 in
703 1431 847 1506 Bituriges
873 1431 1070 1507 proficiscitur.
1121 1432 1192 1508 Ejus

204 1509 328 1566 adventu
349 1509 493 1585 Bituriges
514 1511 550 1568 ad
572 1511 694 1578 AEduos‚
708 1529 827 1586 quorum
847 1521 931 1568 erant
952 1510 982 1568 in
996 1511 1063 1578 fide,
1082 1510 1191 1587 legatos

155 1591 190 1646 lt
203 1586 319 1644 mittunt
332 1588 492 1647 subsidium
512 1601 652 1666 rogatum,
667 1609 724 1665 quo
742 1587 855 1648 laoiliirs
875 1589 999 1648 bostium
1014 1589 1114 1665 copias
1133 1609 1192 1650 eus·

202 1665 294 1726 tinere
309 1667 426 1742 possint.
469 1668 558 1728 AEdui
572 1669 608 1726 de
630 1669 753 1728 consilio
765 1668 933 1744 legatorum,
947 1687 1018 1744 quos
1038 1669 1138 1728 Caesar
1158 1670 1190 1726 ad

203 1746 361 1806 exercitum
381 1747 543 1832 reliquerat,
564 1749 663 1824 copias
682 1749 825 1824 equitatis
845 1746 1046 1823 peditatusque
1067 1748 1192 1808 subsidio

203 1825 379 1902 Biturigibus
392 1827 517 1886 mittunt.
557 1827 620 1890 Qui
630 1847 717 1905 quum
730 1829 765 1886 ad
779 1827 886 1884 flumen
896 1825 1024 1902 Ligerim
1039 1827 1190 1895 uenissent,

202 1905 278 1980 quod
304 1905 448 1983 Bituriges
474 1907 511 1966 ab
535 1907 640 1966 AEduis
665 1906 775 1973 dividit,
799 1924 906 1982 paucos
929 1905 992 1962 dias
1015 1905 1057 1962 ibi
1080 1906 1190 1973 morati,

46 2051 49 2058 ι
153 1977 189 2040 90
203 2003 295 2060 neque
317 1983 423 2042 flumen
447 1986 569 2044 transire
590 1985 662 2057 ausi,
683 1986 800 2044 domum
824 1994 1013 2051 revertuntur,
1034 1985 1191 2060 legatisque

203 2063 306 2121 nostris
320 2063 501 2135 renunciant,
516 2065 573 2122 ‘Se
584 2064 745 2140 Biturigum
754 2063 902 2138 perfidiam
917 2063 1021 2122 veritos
1033 2064 1191 2131 revertisse,

202 2141 305 2216 quibus
318 2141 347 2196 id
361 2141 473 2198 consilii
488 2142 575 2199 fuisse
588 2141 783 2218 cognoverint,
798 2152 838 2209 ut,
854 2142 878 2198 si
892 2142 1191 2210 flumentransissent,

105 2217 110 2226 '
202 2218 261 2276 und
281 2236 317 2274 ex
337 2228 417 2292 parte
441 2219 505 2293 ipsi,
531 2219 619 2277 altera
643 2221 767 2280 Arverni
787 2239 819 2279 se
842 2220 1108 2280 circumsisterent.’
1159 2222 1192 2280 Id

202 2295 274 2352 edne
301 2295 337 2352 de
370 2297 468 2364 causi,
495 2317 581 2374 quam
607 2299 709 2375 legatis
735 2299 972 2376 pronunciabunt,
999 2320 1038 2358 an
1072 2301 1192 2378 perfidiis

12 2411 20 2426 .
151 2376 187 2430 25
203 2373 321 2436 adducti
341 2375 471 2445 fecerint,
492 2376 570 2454 qued
592 2377 663 2436 nihil
685 2379 768 2437 nobis
788 2389 910 2447 constat,
929 2399 988 2440 non
1009 2380 1122 2442 videtur
1143 2399 1193 2457 pru

202 2463 280 2512 certo
293 2473 356 2512 esse
376 2457 549 2532 ponendum.
592 2457 745 2534 Bituriges,
766 2475 865 2516 eorum
883 2458 1022 2526 discessu,
1045 2459 1142 2520 statim
1161 2477 1193 2516 se

202 2548 268 2589 cum
283 2534 421 2592 Arvernis
434 2537 622 2614 conjungunt,
700 2586 705 2593 .
864 2563 873 2594 l
1042 2527 1077 2610 ’,

241 2613 295 2670 VI.
337 2613 393 2672 His
415 2616 501 2674 rebus
524 2615 555 2673 in
578 2615 693 2674 Italiam
713 2616 823 2676 Catari
847 2615 1002 2684 nunciatis,
1027 2635 1116 2691 quum
1132 2617 1193 2692 jam

201 2691 249 2749 ille
262 2694 387 2750 urbanas
407 2713 453 2772 res
466 2694 569 2752 virtute
583 2696 638 2753 Cn.
653 2695 782 2772 Pompeii
802 2696 1021 2756 commodiorem
1036 2695 1066 2752 in
1084 2705 1195 2756 statum

109 2797 111 2801 ⁷
150 2775 186 2831 a]
200 2771 363 2846 pervenisse
390 2771 571 2853 intelligeret,
596 2774 626 2830 in
652 2773 876 2850 Transalpinam
900 2774 1021 2833 Galliam
1044 2771 1195 2846 profectus

200 2858 252 2904 est.
294 2847 339 2906 Εό
359 2868 447 2924 quum
462 2850 594 2921 venisset,
616 2853 722 2928 magna
742 2853 912 2912 difficultate
934 2851 1120 2918 alliciebatur,
1135 2853 1195 2928 qud

200 2927 310 2985 ratione
333 2929 368 2986 ad
389 2929 546 2988 exercitum
567 2931 715 3007 pervenire
736 2942 850 3008 posset:
871 2952 941 2992 nam
962 2933 986 2990 si
1008 2929 1138 3007 legiones
1164 2931 1194 2990 in

200 3005 380 3068 Provinciam
395 3022 560 3078 arcesseret,
582 3029 612 3068 se
627 3011 745 3068 absente
759 3011 788 3068 in
810 3011 913 3070 itinere
926 3011 1024 3088 prelio
1039 3009 1195 3068 dimicatu-

200 3102 246 3142 ras
270 3086 468 3162 intelligebat;
499 3089 524 3146 si
547 3089 608 3166 ipse
633 3092 669 3148 ad
692 3091 849 3149 exercitum
873 3092 1071 3156 contenderet,
1095 3108 1133 3146 ne
1158 3088 1194 3147 iis

149 3167 184 3224 35
199 3163 324 3240 quidem,
336 3165 384 3240 qui
397 3185 432 3223 eo
443 3177 570 3244 tempore
584 3169 679 3244 pacati
693 3170 865 3238 viderentur,
880 3189 962 3228 suam
976 3170 1098 3228 salutem
1111 3167 1192 3226 reete

200 3243 338 3304 committi
356 3244 479 3302 videbat.

239 3324 308 3383 VII.
350 3324 469 3384 Interim
496 3324 649 3383 Lucterius
674 3327 836 3396 Cadurcus,
861 3327 891 3385 in
919 3327 1052 3385 Rutenos
1075 3325 1192 3394 missus,

199 3418 263 3458 eam
274 3404 418 3464 civitatem
433 3403 571 3462 Arvernis
591 3406 735 3466 conciliat.
776 3406 946 3484 Progressus
967 3405 996 3462 in
1011 3401 1194 3481 Nitiobriges

199 3485 228 3532 et
250 3479 386 3552 Gabalos,
411 3485 448 3544 ab
468 3484 593 3560 utrisque
620 3485 734 3543 obsides
760 3486 875 3562 accipit,
898 3495 927 3542 et
953 3479 1059 3556 magna
1086 3485 1194 3544 coacti

150 3558 185 3614 ao
199 3571 297 3623 manu,
321 3561 351 3617 in
374 3563 555 3622 Provinciam
578 3563 746 3623 Narbonem
769 3565 868 3626 versus
890 3560 1070 3638 eruptionem
1084 3561 1193 3628 ‚lacere

199 3637 356 3694 contendit.
397 3642 468 3704 Qua
488 3662 519 3701 re
532 3643 681 3711 nunciata,
695 3643 794 3704 Cesar
813 3642 947 3703 omnibus
960 3638 1091 3698 consiliis
1113 3652 1193 3700 ante·

199 3713 368 3772 vertendum
394 3719 575 3790 existimavit,
603 3734 635 3781 ut
661 3722 828 3782 Narbonem
853 3719 1092 3798 proficisceretur.
1146 3718 1191 3778 ab

200 3811 286 3870 quum
321 3793 453 3874 venisset,
486 3799 629 3859 timentes
647 3802 807 3874 confirmat,
839 3799 973 3877 praesidia
1003 3798 1034 3858 in
1066 3798 1192 3860 Ruteni!

200 3868 436 3940 provincialibus.
462 3871 562 3932 Volcis
582 3879 773 3948 Arecomicis,
799 3877 996 3949 Tolosatibus.
1023 3877 1191 3954 annumque
