2564 4422
421 339 531 390 mann
548 339 725 399 cunnus.
1079 353 1119 412 57

78 497 109 545 et
129 477 249 544 sublatis
271 480 417 548 anchoris,
436 481 548 539 circiter
561 481 651 540 millia
670 501 806 558 passuum
820 484 880 543 vll
899 485 937 544 ab
958 505 995 546 eo
1006 487 1070 547 loco

77 582 254 640 progressus,
269 571 369 638 aperto
382 578 418 617 ac
431 559 516 635 plano
528 559 620 617 littore
633 579 721 618 nares
733 563 889 620 constituit.

118 641 234 699 XXIV.
277 640 319 697 At
342 637 467 705 barbari,
494 637 612 696 consilio
633 638 831 698 Romanorum
852 643 977 718 cognito,
997 663 1069 720 prrs-

78 721 165 778 misso
177 719 308 794 equitatu
321 727 350 775 et
371 716 531 782 essedariis,
546 735 602 790 quo
620 715 786 794 plerirmqne
801 738 907 798 genere
920 719 951 786 in
964 723 1068 797 preliis
1118 737 1126 755 ·

79 799 120 856 uti
145 796 334 862 consuerunt,
362 794 478 869 reliquis
501 793 593 870 copiis
625 795 781 864 subsecuti,
803 809 914 856 nostros
947 799 1067 858 navibus
1094 811 1113 862 5

78 876 177 953 egredi
190 875 389 951 prohibebant.
431 871 502 929 Erat
520 873 558 930 ob
578 873 630 928 has
650 891 752 936 causas
772 895 884 934 summa
903 877 1066 944 difficultas,

79 955 156 1031 qubd
170 973 261 1011 naves
279 963 391 1028 propter
405 950 644 1026 magnitudinem,
659 952 715 1009 nisi
735 954 765 1010 in
780 954 845 1022 alto,
861 955 996 1013 constitui
1009 975 1067 1014 non

77 1042 233 1110 poterant3
254 1031 389 1088 militibus
413 1040 508 1088 autem
532 1029 636 1105 ignotis
656 1029 737 1099 locis,
759 1023 902 1108 impeditis
923 1034 1065 1103 manibus,

77 1130 189 1187 magno
199 1121 229 1166 et
242 1112 321 1186 gravi
336 1127 474 1166 armorum
487 1127 574 1165 onere
588 1109 738 1183 oppressis,
758 1110 841 1168 simul
854 1123 884 1170 et
896 1113 933 1172 de
946 1113 1066 1171 naribus
1082 1163 1086 1170 .

77 1189 285 1254 desiliendum,
296 1199 324 1244 et
338 1187 368 1243 in
376 1185 505 1244 fluctibns
514 1185 738 1256 consistendum,
753 1198 782 1244 et
792 1208 859 1247 curn
867 1191 996 1249 hostibus
1006 1203 1066 1250 erat
1077 1201 1112 1254 lu

76 1267 291 1345 pugnandum:
320 1284 404 1340 quum
420 1263 459 1322 illi
481 1275 530 1322 aut
543 1284 579 1328 ex
593 1265 682 1333 arido,
697 1277 745 1324 aut
758 1266 905 1342 paululrlm
919 1269 950 1326 in
964 1289 1065 1344 aquam

76 1345 233 1424 progressi,
243 1344 375 1402 omnibus
385 1342 518 1400 membris
529 1342 664 1418 expediti,
675 1345 829 1403 notissimis
838 1346 909 1406 locis
931 1348 1066 1420 audacter

77 1425 135 1483 tela
161 1422 349 1498 conjicerent,
376 1432 405 1479 et
430 1441 517 1497 equos
544 1421 717 1481 insuefactos
738 1424 899 1488 incitarent.
949 1426 1067 1488 Quibus

77 1505 167 1560 rebus
192 1501 281 1560 nostri
304 1499 455 1577 perterriti,
481 1511 565 1575 atque
587 1501 671 1576 hujus
693 1503 811 1560 omnino
831 1505 945 1580 generis
958 1520 1066 1582 pugnae

77 1581 215 1658 imperiti,
230 1600 288 1637 non
307 1580 407 1637 eidem
423 1578 570 1636 alacritate
591 1598 625 1635 ac
645 1580 748 1649 studio,
763 1600 819 1657 quo
839 1583 868 1640 in
888 1585 1066 1660 pedestribus
1078 1593 1111 1646 15

76 1661 122 1718 uti
141 1659 248 1734 praeliis
261 1657 672 1724 consueverant,nitebantur.⁴
696 1659 711 1712 ¹.
738 1689 742 1696 ·

118 1737 222 1796 XXV.
262 1737 348 1798 Quod
361 1736 410 1794 ubi
424 1736 523 1792 Caesar
544 1735 752 1804 animadvertit,
767 1755 854 1794 naves
873 1737 983 1813 longas,
998 1760 1066 1815 qua·

58 1837 144 1876 trum
165 1827 194 1874 et
215 1816 323 1897 species
340 1815 401 1873 erat
421 1814 550 1872 barbaris
570 1814 740 1881 inusitatior,
762 1826 791 1872 et
810 1825 903 1872 motus
925 1817 960 1872 ad
982 1835 1087 1882 usum,

76 1895 247 1972 expeditior,
269 1893 386 1970 paullrm
406 1892 545 1950 removeri
566 1893 602 1950 ab
624 1893 763 1950 onerariis
783 1893 912 1960 navibus,
933 1904 963 1951 et
979 1895 1065 1952 rernis

77 1974 204 2042 incitari,
226 1983 256 2030 et
277 1973 407 2030 adlatus
429 1981 557 2047 apertum
578 1970 700 2029 hostium
722 1971 866 2039 constitui,
891 1982 974 2047 atque
998 1973 1110 2034 inde20

77 2053 184 2120 fundis,
199 2051 320 2128 sagittis,
336 2051 492 2118 tormentis,
504 2051 601 2107 hostes
614 2049 731 2126 propelli
747 2070 780 2108 ac
794 2049 953 2108 submoveri
964 2050 1064 2127 jussit:

77 2151 140 2208 qne
155 2151 201 2189 res
215 2149 320 2208 magno
340 2129 406 2186 usui
423 2129 527 2186 nostris
547 2129 608 2185 fuit.
650 2128 727 2186 Nam
747 2140 775 2187 et
789 2130 905 2188 navium
922 2129 1023 2206 iignrrl,
1038 2140 1067 2188 et

78 2229 220 2268 remorum
248 2219 337 2275 motu,
364 2218 394 2264 et
419 2207 555 2286 inusitato
581 2226 687 2282 genere
717 2219 921 2266 tormentorum
947 2210 1067 2285 permoti

77 2289 193 2346 barbari
220 2287 420 2353 constiterunt,
448 2305 482 2342 ac
508 2282 625 2360 pauldm
652 2285 737 2343 modb
770 2288 874 2363 pedem
900 2289 1065 2348 retulerunt.

79 2369 177 2444 Atque
196 2366 300 2424 nost'ris
317 2364 455 2422 militibus
475 2364 687 2432 cunctantibus,
702 2365 826 2422 maxime
846 2376 959 2442 propter
974 2367 1111 2428 altitu-25

79 2447 177 2504 dinem
192 2445 288 2514 maris,
302 2444 350 2519 qui
364 2443 484 2500 decimae
495 2443 615 2517 legionis
627 2441 748 2518 aquilam
764 2444 882 2511 ferebat,
892 2455 1071 2514 contestatus,

79 2525 159 2594 deos,
181 2536 213 2581 ut
232 2542 330 2580 eures
349 2521 456 2597 legioni
480 2521 600 2578 feliciter
620 2521 764 2578 eveniret:
788 2521 946 2588 ‘Desilite,’
965 2523 1065 2596 inquit,

80 2603 316 2669 ‘commilitones
326 2599 382 2658 nisi
395 2599 479 2656 vultis
489 2600 613 2674 aquilam
624 2598 751 2655 hostibus
761 2600 879 2674 prodere
892 2618 899 2654 t
920 2618 975 2673 ego
988 2609 1065 2655 certe

79 2701 177 2739 meum
189 2679 368 2756 Reipublicae
384 2689 466 2752 atque
476 2677 638 2754 imperatori
647 2675 773 2734 officium
782 2677 958 2752 praestitero!
1000 2675 1065 2734 Hoc

79 2780 166 2836 quum
181 2759 367 2836 magnivoce
381 2757 506 2824 dixisset,
521 2775 557 2814 ex
570 2755 636 2814 navi
650 2775 680 2812 se
693 2754 821 2831 projecit,
831 2765 913 2830 atque
928 2755 958 2812 in
972 2756 1065 2814 hostes
1075 2763 1111 2817 30

80 2839 204 2914 aquilam
213 2839 287 2896 serre
296 2837 391 2912 coepit.
432 2835 511 2892 Tum
522 2835 621 2902 nostri,¹
629 2834 767 2892 cohortati
776 2834 849 2892 inter
860 2854 900 2902 se,
910 2855 946 2893 ne
955 2841 1065 2914 tantiam

80 2918 206 2974 dedecus
228 2915 433 2981 admitteretur,
448 2913 572 2972 universi
585 2933 622 2970 ex
641 2913 707 2970 navi
720 2909 912 2971 desiluerunt:
933 2915 985 2970 hos
999 2913 1067 2972 ite'rn

80 2996 140 3054 alii’
169 3012 204 3052 ex
236 2991 373 3069 proximis
404 2991 526 3051 navibus
556 2971 645 3068 qurim
683 2991 907 3068 conspexissent,
922 2992 1067 3050 subsecuti

79 3073 209 3131 hostibus
222 3070 493 3147 appropinquarunt.
503 3069 535 3140 ,ᾗ

54 3186 62 3233 ,
118 3150 235 3208 XXVI.
285 3149 447 3224 Pugnatum
461 3157 504 3204 est
526 3149 561 3204 ab
575 3148 700 3222 utrisque
715 3147 837 3219 acriter3
858 3149 946 3207 nostri
960 3157 1111 3219 tamem-‘35
1176 3147 1179 3153 ’

51 3246 56 3277 ¹
80 3227 157 3303 qubd
178 3247 271 3303 neque
291 3227 406 3284 ordines
427 3245 547 3292 servare,
570 3245 661 3301 neque
683 3226 800 3285 firmiter
821 3227 960 3294 insistere,
975 3247 1066 3300 neque

47 3299 51 3317 '
81 3307 163 3383 signa
175 3306 309 3381 subsequi
319 3315 459 3380 poterant,
473 3315 556 3380 atque
571 3305 642 3382 alius
651 3305 707 3364 alis
717 3325 753 3362 ex
764 3305 839 3372 navi,
851 3307 1066 3380 quibuscunque

81 3387 171 3462 signis
190 3394 363 3449 occurrerat,
379 3403 409 3440 se
432 3383 614 3458 aggregabat,
629 3403 801 3460 magnopere
818 3379 1065 3457 perturbabantur.
1137 3380 1139 3383 ’

80 3463 190 3520 Hostes
200 3461 278 3530 verb,
293 3463 368 3520 notis
388 3461 521 3519 omnibus
541 3461 630 3530 vadis,
645 3463 695 3520 ubi
712 3481 749 3520 ex
768 3462 859 3518 littore
881 3459 988 3532 aliquos
1009 3458 1067 3518 sin·

81 3541 197 3618 gulares
226 3561 262 3599 ex
285 3541 351 3600 nari
378 3535 558 3617 egredientes
584 3549 800 3617 conspexerant,
828 3536 952 3593 incitatis
986 3540 1112 3614 equisdtl

81 3619 231 3694 impeditos
250 3620 471 3678 adoriebantur:
486 3619 586 3695 plures
607 3639 712 3696 paucos
729 3615 996 3674 circumsistebant:
1019 3619 1067 3676 alii

83 3700 118 3756 ab
133 3697 221 3755 latere
241 3711 337 3776 aperto
352 3699 381 3756 in
396 3698 541 3755 universos
562 3698 619 3756 tela
633 3695 833 3773 conjiciebant.
874 3695 963 3757 Quod
980 3717 1066 3772 quum

82 3777 327 3837 animadvertisset
340 3777 447 3844 Ooesar,
469 3777 590 3850 scaphas
610 3777 758 3852 longarum
779 3773 904 3843 narium,
919 3774 987 3832 item
1006 3794 1066 3850 spe·

82 3856 220 3916 culatoria
232 3856 348 3934 navigia
365 3855 503 3915 militibus
517 3854 653 3932 compleri
670 3852 763 3934 jussit,
778 3864 807 3910 et
820 3873 890 3932 quos
906 3855 1067 3912 laborantes
