2564 4422
133 335 192 406 'irs
253 321 260 342 ’
515 292 872 398 serumserum

200 474 1186 645 sulllltlttttttlt‘lttttl‘ffit'l'tb

200 635 299 712 prelio
311 636 460 712 dimicue
473 648 621 714 propterea
632 630 709 710 qudd
722 632 763 700 illi
772 645 861 696 etiarn
874 634 1003 704 cunsultd
1014 633 1185 712 pluriam

201 714 356 786 cederent3
376 727 415 784 et,
428 712 1185 792 quumpauldmablegionibuenusbesrernorusen,
1217 765 1220 773 .

169 796 239 852 ber
258 795 368 856 essedis
388 795 541 865 desilirent,
554 803 584 850 et
600 791 725 872 pedibus
737 792 765 856 d·
802 791 955 870 cintello
967 794 1184 862 mendenen
1216 824 1222 834 ¹
1251 855 1254 864 Δ

202 871 351 950 Equestris
371 883 464 930 summ
483 869 574 946 praelii
596 871 670 936 ratic
689 883 719 930 et
794 870 908 938 entibus
920 882 950 935 at
970 871 1186 946 insequentibus

201 969 254 1028 par
280 963 363 1026 atque
385 949 461 1008 idem
481 949 642 1026 periculum
669 949 817 1018 interebat.
871 951 1041 1018 Accedebat
1062 951 1132 1023 bun,
1153 963 1186 1020 ut

202 1047 347 1104 nunquam
360 1026 489 1096 conferti,
504 1029 554 1088 sed
569 1029 626 1093 rari
639 1030 806 1110 magnisque
816 1028 970 1094 intervallis
979 1029 1184 1105 matinanta,

201 1106 390 1180 stationesque
417 1105 568 1184 dispositas
594 1109 741 1176 baberent,
769 1118 852 1183 atque
880 1108 950 1172 alios
975 1107 1023 1170 alit
1049 1107 1186 1186 deinceps
1220 1146 1224 1154 ·

153 1188 187 1246 1⁰
201 1184 375 1260 exciperent,
389 1183 548 1261 integrique
562 1198 591 1246 et
604 1199 733 1246 recentes
746 1186 910 1262 delnigatis
921 1187 1120 1251 membrana

241 1263 343 1322 XVII.
383 1261 499 1322 Postero
521 1265 579 1332 die,
602 1265 701 1342 procul
726 1265 986 1334 aususausus
1012 1257 1042 1328 in
1066 1266 1186 1345 collibup

198 1344 400 1416 „comtiterunt
426 1341 538 1416 rarique
564 1361 595 1400 se
619 1344 781 1410 ostendere,
807 1352 838 1402 et
860 1341 958 1412 lenius
982 1343 1070 1420 quern
1096 1345 1186 1420 pridie

202 1431 313 1480 nostros
338 1421 447 1495 equites
468 1420 566 1498 prelio
590 1421 733 1482 lacessere
758 1432 915 1498 oeperunt
970 1423 1029 1495 Sed
1057 1425 1186 1492 meridia,

201 1514 289 1571 quum
313 1499 414 1556 Cesar
436 1499 592 1574 pabulandi
619 1501 707 1560 causti
733 1511 791 1563 tres
813 1499 941 1578 legiones
963 1511 1049 1575 etque
1070 1521 1186 1572 emnam

153 1574 368 1649 nequinum·
391 1595 458 1633 curn
484 1575 519 1635 Ο.
547 1577 695 1636 Trebonio
721 1579 816 1656 legato
845 1576 978 1650 misisset,
1006 1579 1125 1656 repente
1152 1600 1186 1650 er

201 1653 334 1716 omnibus
355 1654 483 1730 partibus
505 1657 541 1714 ad
567 1656 748 1733 pabulatores
771 1656 983 1726 &volaverunt
1009 1657 1062 1730 sic,
1084 1657 1127 1726 uti
1152 1660 1187 1718 ab
1220 1687 1223 1692 ¹

203 1731 292 1810 signis
311 1733 526 1810 legionibusque
539 1753 598 1792 non
617 1735 820 1806 absisterent>
834 1735 943 1806 Nostri,
965 1735 1068 1802 acriter
1087 1738 1119 1796 in
1139 1757 1187 1804 ene

203 1811 417 1888 imperando,
445 1813 626 1890 repulerunt;
660 1833 753 1890 neque
779 1814 866 1877 tinent
887 1815 1025 1898 sequendi
1046 1816 1185 1886 fecerunt,

203 1891 294 1967 quoad
315 1891 443 1949 subsidio
462 1891 563 1954 confisi
583 1892 702 1968 equites,
716 1912 804 1968 quum
823 1904 888 1970 post
907 1909 938 1951 se
962 1893 1091 1970 legiones
1112 1895 1187 1954 vide

153 1975 190 2032 20
203 1981 277 2044 rent,
298 1968 457 2047 precipites
480 1973 576 2030 hostes
596 1981 735 2046 egerunt:
763 1990 925 2048 magnoque
947 1991 1047 2032 eorum
1068 1992 1188 2042 nurnero

205 2048 474 2124 interfectumque
497 2050 542 2107 sui
563 2047 727 2124 colligendi,
752 2066 845 2126 neque
868 2050 1054 2118 consistendi,
1078 2063 1130 2114 aut
1152 2072 1188 2118 ex

204 2128 311 2188 essedis
321 2127 471 2186 desiliendi
486 2126 648 2184 facultatem
657 2127 805 2186 dederunt
847 2125 892 2185 Ex
903 2127 958 2185 bric
969 2128 1037 2205 lugd
1047 2131 1186 2206 protinus,

202 2225 266 2282 que
287 2207 412 2282 undique
433 2215 635 2273 convenerant,
651 2205 757 2262 auxilia
777 2204 988 2268 discesserunt:
1009 2225 1105 2281 neque
1126 2219 1187 2288 post

204 2285 233 2342 id
246 2295 358 2363 tempus
372 2303 496 2360 unquam
516 2283 634 2341 summis
647 2283 797 2342 nobiscum
816 2283 906 2360 copiis
919 2284 1014 2344 hostes
1031 2289 1188 2346 contende·

154 2369 189 2426 25
203 2375 277 2424 runt

242 2443 360 2503 XVIII.
402 2441 509 2518 Caesar,
523 2441 639 2521 cognito
654 2441 775 2502 consilio
787 2461 895 2511 eorum,
910 2441 946 2500 sd
960 2440 1067 2510 flumen
1082 2443 1187 2510 Taure-

125 2571 128 2578 Δ
205 2522 293 2582 sinin
310 2523 383 2582 fines
397 2523 614 2591 Cassivellauni,
629 2522 787 2582 exercitum
801 2521 899 2592 duxit,
919 2521 994 2598 quod
1008 2521 1114 2594 flumen
1131 2541 1187 2580 uno

204 2602 391 2661 omninoloco
400 2604 530 2680 pedibus,
541 2613 623 2678 atque
632 2600 1006 2678 hccoegre,transiripotest.
1047 2599 1187 2676 Eburum

206 2681 337 2752 venisset,
365 2681 573 2748 animadvertit,
599 2681 634 2739 ad
659 2679 776 2752 alteram
803 2678 928 2736 fluminis
951 2679 1042 2755 ripam
1068 2697 1188 2754 magnas

155 2767 192 2822 30
206 2775 267 2818 esse
278 2759 374 2836 copias
384 2761 507 2818 hostium
521 2760 692 2817 instructas:
713 2756 775 2832 ripa
785 2767 881 2814 autem
893 2767 955 2816 erat
969 2758 1060 2824 acutis
1070 2757 1188 2816 sudibus
1275 2817 1276 2828 ,

193 2838 326 2916 'praefixis
346 2837 476 2907 munita;
497 2835 681 2914 ejusdemque
694 2853 730 2910 ge
785 2834 808 2891 is
828 2835 882 2891 sub
896 2837 969 2910 aqud
990 2836 1090 2896 defixae
1103 2827 1189 2894 sudes

207 2916 323 2975 flumine
333 2914 511 2991 tegebantur.
553 2914 608 2972 His
616 2913 702 2972 rebus
712 2853 1188 2992 ecbibitisacaptivispersugisque,
1258 2909 1264 2922 ’

207 2995 314 3065 Caesar,
328 2994 472 3072 praemisso
491 2993 629 3070 equitatu,
643 2987 793 3051 confestim
806 2992 934 3068 legiones
947 2993 1081 3069 subsequi
1096 2993 1189 3070 jussit.

147 3091 151 3098 ·
208 3075 266 3132 Sed
280 3076 316 3132 ed
329 3071 475 3131 celeritate
489 3083 572 3149 atque
586 3093 621 3131 eo
635 3073 741 3149 impetu
755 3071 859 3130 milites
877 3071 981 3139 ierunt,
995 3091 1081 3146 quum
1096 3071 1190 3148 capite

158 3159 193 3216 35
208 3153 266 3212 solo
286 3172 322 3211 ex
343 3151 415 3226 aqud
432 3161 586 3218 exstarent,
610 3161 642 3214 ut
665 3151 759 3208 hostes
780 3149 928 3227 impetum'
940 3150 1084 3226 legionum
1106 3161 1190 3226 atque

208 3231 335 3309 equiturn
359 3227 497 3308 sustinere
517 3248 576 3287 non
596 3237 726 3304 possent,
743 3227 874 3304 ripasque
897 3229 1081 3298 dimitterent,
1103 3248 1140 3285 ac
1161 3248 1203 3296 se,

261 3332 284 3370 ae
297 3310 472 3370 mandarent.

209 3311 336 3449 fugXIX.
377 3379 615 3453 Cassivellaunus,
649 3397 682 3446 ut
710 3383 795 3462 suprb
817 3383 1080 3447 demonstravimus,
1111 3387 1193 3444 omni

209 3467 338 3544 depositi
366 3467 422 3551 spe*
432 3461 634 3532 contentionis,
651 3464 778 3524 dimissis
805 3464 986 3544 amplioribus
1006 3459 1106 3535 copiis,
1128 3465 1194 3522 mil·

159 3551 194 3605 to
208 3543 283 3602 libus
306 3543 422 3605 circiter
447 3557 564 3624 quatuor
589 3542 797 3615 essedariorum
822 3543 938 3613 relictis,
965 3539 1068 3597 itinera
1093 3553 1193 3600 nostru

210 3622 348 3690 servabat,
369 3624 572 3699 paululumque
592 3640 629 3678 ex
649 3621 696 3680 vit
713 3623 880 3690 excedebat,
901 3617 1026 3694 locisque
1048 3618 1198 3696 impeditis

211 3712 293 3778 atque
306 3701 489 3776 sylvestribus
502 3720 563 3760 sese
573 3700 745 3768 occultabat,
760 3697 844 3778 atqne
858 3701 892 3757 iis
904 3697 1079 3774 regionibus,
1088 3699 1195 3779 quibus

211 3799 262 3839 nos
275 3779 328 3838 iter
341 3779 466 3837 facturos
479 3790 659 3858 cognoverat,
672 3798 776 3860 pecora
790 3791 872 3854 atque
883 3777 1013 3836 homines
1025 3798 1061 3837 ex
1073 3777 1149 3854 agris
1163 3779 1195 3837 in

213 3859 303 3938 sylvas
322 3857 528 3964 compellebat,
549 3869 587 3927 ct,
608 3875 695 3934 quum
715 3858 857 3936 equitatus
875 3866 972 3916 nonar
984 3853 1102 3916 liberibs
1121 3873 1196 3932 prae-
1258 3839 1267 3860 '
