2564 4422
428 305 536 378 nram
551 303 739 380 sammua
906 273 914 285 ⁸
1072 321 1124 382 ιιι

77 453 230 514 demittere
243 448 370 508 sedtoto
388 448 515 524 undique
527 457 609 509 muro
622 451 816 510 circumfundi
829 453 971 524 viderunt,
985 457 1076 530 veriti,

78 552 120 592 ne
133 531 250 591 omnino
262 547 329 605 spes
343 527 420 604 fuge
438 527 593 602 tolleretur,
608 529 727 618 abiectis
742 531 838 601 armis,
853 521 967 593 ultir⁴nas
980 537 1076 614 oppidi
1084 519 1102 566 ι’

8 589 47 626 χ
75 603 177 688 partes
193 605 357 671 eontinenti
378 605 493 684 impetur
507 607 683 684 petiverunt:
712 629 833 686 parsque
854 611 905 680 ibi,
918 633 1006 690 quum
1029 635 1077 674 au·

77 700 165 767 gusto
176 699 323 765 portarum
336 685 415 744 exitu
429 705 459 743 se
473 685 527 763 ipsi
540 699 712 764 premerent,
724 708 742 746 a
754 690 907 762 militibus3
928 711 1004 768 pars,
1015 695 1076 772 jam

78 787 195 846 egressa
208 766 308 844 portis,
324 764 361 822 ab
374 764 518 840 equitibus
531 777 575 824 est
588 767 758 826 interfecta:
779 788 836 828 nee
850 770 904 828 fuit
915 772 1075 850 quisquam,
1109 780 1128 834 5
1184 791 1188 841 ;
1215 793 1222 804 ·

78 848 127 924 qui
140 848 246 924 prtedae
262 845 398 904 studeret.
441 844 492 902 Sio
505 855 534 903 et
549 845 716 905 Genabensi
730 849 810 906 aede
823 860 853 907 et
872 849 970 920 labore
982 854 1076 927 operis
1119 902 1123 910 .
1154 865 1197 900 ’t'
1220 903 1224 914 .

78 926 204 994 incitati,
225 932 284 984 non
306 933 390 982 etate
402 923 552 993 confectis,
566 944 625 983 non
646 925 824 1002 mulieribus,
838 948 897 987 non
918 929 1076 990 infantibus

77 1015 279 1082 peperoerunt.
321 1001 456 1080 Denique
476 1022 514 1061 ex
532 1004 611 1062 omni
624 1023 660 1064 eo
679 1025 809 1076 numero,
823 1008 872 1084 qui
892 1007 946 1067 tuit
961 1009 1076 1069 circiter

78 1085 140 1144 XL
147 1083 278 1151 millium,
287 1081 334 1140 uix
344 1081 465 1151 DCCC,
476 1081 527 1158 qui
539 1082 631 1158 primo
642 1085 766 1147 elamore
778 1087 875 1147 audito
885 1107 916 1146 se
926 1108 963 1148 ex
972 1090 1077 1166 oppido
1113 1074 1120 1088 ’

78 1163 238 1240 ejeeerant,
249 1161 409 1221 ineolumes
423 1162 459 1219 ad
470 1161 738 1240 Vercingetorigem
752 1177 951 1242 pervenerunt
992 1169 1077 1234 Quos
1093 1175 1127 1229 10

79 1243 141 1315 ille,
156 1242 245 1300 multa
254 1242 313 1319 jam
327 1251 424 1309 noete,
436 1240 550 1300 silentio
560 1261 597 1300 ex
609 1243 679 1320 fugi
692 1245 815 1322 excepit,
828 1246 958 1324 (veritus,
969 1267 1007 1306 ne
1020 1268 1077 1326 qua

80 1322 111 1380 in
133 1321 236 1380 eastris
252 1325 292 1380 'ex
314 1340 413 1380 eorum
437 1340 581 1380 eonemsu
604 1332 633 1382 et
653 1323 850 1383 miserieordbi
876 1326 954 1404 vulgi
974 1327 1077 1387 seditio

69 1401 227 1481 ‘oriretur,)
241 1412 283 1470 ut,
303 1400 402 1477 proeul
416 1400 447 1458 in
461 1400 507 1459 vit
528 1400 671 1477 dispositis
692 1403 879 1463 familiaribus
899 1405 959 1464 suis
970 1405 1077 1482 prinei·

8 1525 10 1528 .
31 1535 46 1552 ,ι
78 1480 222 1558 pibnsque
232 1480 389 1548 civitatum,
401 1479 598 1556 disparandos,
619 1481 1077 1560 dedueendosqueadsuosoura·
1099 1501 1106 1558 t,

78 1570 138 1627 ret,
150 1577 215 1634 que
225 1559 328 1634 euique
342 1558 450 1617 eivitati
463 1579 530 1636 pars
542 1571 701 1619 castrorum
715 1563 752 1619 ab
765 1563 847 1622 initio
859 1565 1023 1624 obvenerat
1094 1559 1127 1626 15

120 1636 244 1696 XXIX.
284 1637 398 1696 Postero
411 1638 459 1697 die
479 1639 604 1698 eoneilio
617 1652 785 1708 (romaneto,
800 1643 964 1702 eonsolatus
976 1646 1077 1703 eohor-
1115 1629 1159 1701 ,la
1186 1687 1189 1694 ·

77 1728 218 1793 tatusque
244 1727 297 1785 est,
323 1716 388 1776 ‘Ne
414 1737 445 1776 se
473 1719 627 1777 admodum
661 1717 758 1776 animo
783 1720 977 1793 demitterent,
1004 1741 1077 1780 nere
1119 1747 1136 1783 a

77 1796 316 1874 perturbarentur
328 1796 528 1856 ineommodo:
549 1817 608 1856 non
622 1797 725 1856 virtute
738 1817 832 1874 neque
846 1793 876 1856 in¹
897 1799 960 1856 aoie
974 1799 1077 1858 vicisse

79 1875 244 1948 Romanos,
254 1875 436 1955 sedartitioio
446 1877 570 1954 quodam
580 1888 610 1936 et
620 1877 743 1940 seientia
752 1877 984 1954 oppugnationis,
993 1877 1077 1954 eujus

78 1955 122 2014 rei
136 1954 310 2035 fuermtjpsi
330 1955 482 2033 imperffi,t¹
495 1975 600 2025 errare,
614 1958 639 2015 si
659 1956 708 2033 qui
721 1957 751 2016 in
766 1956 841 2016 bello
859 1976 961 2016 omnes
973 1975 1076 2015 seeun-
1091 1964 1127 2018 2⁰

79 2035 133 2092 dos
155 2053 252 2093 rernm
278 2047 431 2112 prouentus
454 2047 644 2111 exspectent:
675 2035 730 2093 sibi
751 2056 899 2112 nunquam
922 2035 1075 2114 placuisse,

79 2113 239 2172 Avaricum
253 2113 380 2182 delendi,
395 2113 477 2189 eujus
490 2114 533 2171 rei
552 2124 639 2172 testes
653 2113 728 2190 ipsos
747 2115 882 2186 haberet;
903 2116 955 2174 sed
969 2115 1076 2174 laetum

79 2191 273 2270 imprudentia
293 2193 466 2270 Biturigum,
481 2204 510 2250 et
529 2193 620 2252 nimii
633 2193 821 2270 obsequentis
836 2195 1019 2271 reliquomm,
1033 2193 1076 2254 uti
1270 2217 1273 2306 p

79 2273 135 2330 boe
146 2272 361 2332 incommodum
370 2272 565 2350 aeoiperetur:
587 2273 617 2330 id
626 2257 724 2332 tulnen
736 2277 769 2331 'se
780 2273 911 2334 celeriter
921 2275 1076 2352 majoribus

79 2351 240 2410 commodis
260 2362 436 2411 sanaturum.
478 2351 556 2410 Nam
577 2372 640 2428 quae
655 2353 692 2410 ab
704 2352 822 2427 reliquis
834 2353 926 2410 Gallis
946 2355 1076 2413 civitates
1091 2359 1127 2416 25
1171 2377 1175 2390 ·

79 2430 274 2499 dissentirent,
302 2432 354 2490 has
381 2432 434 2490 suti
459 2430 610 2508 diligentia
625 2431 846 2508 adjunctarum,
874 2442 959 2506 atque
985 2452 1075 2492 unum

79 2511 235 2570 oonsdium
254 2510 340 2569 totius
361 2510 463 2570 Gallie
484 2509 664 2578 effecturum,
682 2509 764 2585 eujus
784 2527 927 2567 consensu
947 2528 986 2567 ne
998 2512 1076 2570 orbis

78 2590 197 2665 quidem
209 2600 349 2648 terrarum
359 2590 448 2667 possit
457 2589 612 2650 obsistere:
634 2590 719 2665 idque
730 2583 763 2645 se'
775 2589 861 2664 pr’ope
869 2588 929 2664 jam
939 2587 1075 2646 effaetum

79 2655 198 2728 habere‘.1
237 2668 355 2728 Interea
367 2689 481 2746 equum
498 2689 572 2738 esse,
587 2670 624 2727 ab
644 2668 680 2726 iis
692 2665 854 2734 eommunis
874 2663 973 2724 salutis
986 2667 1075 2724 eausa

80 2747 236 2825 impetrari,
242 2759 280 2806 ut
289 2759 385 2812 eastra
394 2749 507 2808 munire
515 2749 707 2816 instituerent,
718 2745 775 2824 qud
787 2743 901 2806 faoiliirr
911 2744 1076 2824 repentinos
1090 2751 1127 2806 ³0

80 2827 203 2886 bostium
214 2828 339 2904 impetur
352 2829 492 2888 sustinere
505 2829 638 2905 possent.¹

74 2927 78 2934 ·
117 2905 228 2986 m
243 2907 333 2988 -Fuit
347 2909 410 2966 hee
422 2908 514 2986 oratio
527 2927 585 2967 non
599 2907 712 2984 ingrata
731 2906 832 2974 Gallis,
847 2903 983 2972 maxime,
998 2904 1075 2982 qudd

11 3037 14 3048 .
79 2985 145 3062 ipse
150 2987 261 3066 animet
266 2995 325 3049 bon
339 2987 585 3056 defeneratum
599 2997 719 3063 aeeepto
733 2985 924 3052 ineommodo,
938 3003 1031 3060 neque
1044 3003 1076 3042 se

80 3064 272 3132 meaeultum
294 3066 452 3136 abdiderat,
473 3077 503 3125 et
524 3076 711 3143 conspectum
732 3063 923 3134 multitudinis
945 3064 1075 3141 fugerat:

80 3144 200 3222 plusque
222 3144 320 3203 animo
340 3147 489 3222 providere
510 3156 539 3204 et
559 3145 725 3221 praesentire
746 3144 973 3212 existimabatur,
987 3142 1075 3219 qued,
1088 3149 1126 3205 m

80 3241 109 3280 re
126 3225 254 3302 integri,
274 3224 366 3300 primd
388 3225 603 3286 intendendum
619 3225 786 3293 Avaricum,
800 3223 866 3302 pdst
884 3223 1076 3282 deserendum

80 3314 242 3363 censuerat.
293 3303 396 3381 Itaque
413 3315 445 3363 ut
466 3303 639 3380 reliquorum
661 3305 863 3382 imperatorum
884 3321 929 3360 res
950 3301 1076 3359 adversar

80 3383 281 3442 auctoritatem
301 3383 455 3455 minuunt3
485 3383 527 3442 sie
551 3384 636 3460 hujus
654 3404 692 3442 ex
712 3381 855 3443 eontrario
875 3379 1012 3456 dignitas,
1034 3379 1077 3440 in-

78 3463 233 3520 eommodo
253 3475 383 3540 aeoepto,
398 3463 429 3521 in
450 3463 514 3521 dies
534 3464 710 3539 augebatur:
731 3460 815 3520 simul
837 3461 867 3516 in
887 3477 967 3535 spem
981 3459 1077 3520 venie·

78 3541 151 3598 bant
171 3541 234 3617 ejus
255 3541 455 3610 affirmatione,
480 3543 516 3600 de
540 3541 656 3619 reliquis
676 3539 868 3617 adjungendis
891 3537 1076 3612 civitatibus,
1092 3548 1127 3604 4⁰

77 3616 261 3696 primirmque
281 3641 317 3680 eo
337 3633 465 3698 ternpore
486 3620 563 3679 Galli
583 3631 679 3680 eastra
698 3619 811 3678 munire
832 3617 1027 3688 instituerunt,
1048 3631 1078 3678 et

77 3698 122 3756 sie
144 3709 211 3757 sunt
232 3700 330 3760 animo
349 3700 526 3762 consternati
547 3699 678 3760 homiues
698 3697 804 3757 insueti
824 3697 939 3767 laboris,
960 3709 993 3756 ut
1017 3717 1077 3757 em·

77 3778 138 3846 nia,
162 3797 228 3854 que
254 3781 474 3857 imperarentur,
498 3779 554 3839 sibi
576 3778 714 3858 patienda
735 3788 764 3837 et
786 3777 959 3856 perferenda
979 3775 1076 3834 existi·

77 3867 201 3920 merent.

209 3925 302 3968 feast
362 3928 368 3940 '
