2564 4422
68 347 72 352 ·
174 339 215 400 ω
359 283 416 364 -’
532 333 580 383 nn
597 333 716 384 annno
734 333 895 386 caturco

225 489 424 558 conspexerat,
449 479 484 538 iia
514 478 643 538 subsidia
669 478 864 543 submittebat
925 475 1035 552 Nostri,
1060 479 1152 560 murati
1176 481 1202 538 in

226 561 306 620 arido
316 560 516 632 constiterunt,
527 555 587 617 riuis
593 559 729 616 omnibus
736 559 910 631 consecutis,
920 558 950 617 in
958 559 1055 617 bootes
1065 559 1203 636 Impetum

225 640 366 713 iecerunt,
380 649 465 716 atque
477 657 528 698 ene
541 640 571 714 ln
586 638 684 715 lugam
697 637 840 697 dederunt
847 656 855 708 ;
874 657 968 714 neque
981 636 1098 716 longius
1109 654 1204 715 prose·

225 720 275 796 qui
295 729 459 797 potuerunt,
472 716 552 795 qudd
574 718 685 794 equites
708 735 826 776 cursum
848 727 948 776 tenere
971 727 1055 794 atque
1080 718 1202 777 insulam

84 805 101 876 ξ
192 813 331 878 scopere
352 818 410 858 non
430 807 589 876 potuerant.
632 797 698 856 Iloc
710 801 812 856 'unum
834 797 870 856 ad
889 797 1040 873 pristinam
1061 796 1203 856 inmunem

228 879 337 938 cesari
351 879 450 937 defuit.

267 958 398 1018 XXVII.
441 956 548 1016 Hostes
560 956 659 1034 praelio
680 955 815 1034 superati,
829 955 914 1013 simul
935 965 1019 1032 atque
1033 974 1065 1013 se
1078 975 1116 1013 ex
1137 956 1204 1035 lugd

227 1047 407 1114 receperunt,
422 1036 518 1094 atatim
543 1037 579 1094 ad
598 1036 744 1095 Caesarem
766 1036 875 1112 legatos
895 1035 932 1092 de
944 1053 1026 1111 pace
1047 1035 1204 1093 miserunt:

8 1113 29 1169 b
228 1116 371 1174 ‘Obsides
388 1117 516 1189 daturos,
529 1134 649 1192 quaeque
663 1115 830 1191 imperasset
843 1133 907 1172 sese
928 1114 1071 1187 facturos,'
1086 1114 1203 1190 polliciti

177 1206 213 1262 10
228 1206 303 1254 sunt.
353 1195 421 1256 Unt
441 1196 567 1254 cumbis
588 1195 689 1272 legatis
707 1192 857 1251 Commius
878 1194 1004 1252 Atrebas
1017 1193 1106 1267 venit,
1120 1213 1204 1270 quem

228 1274 315 1354 auprd
328 1276 587 1335 demonstraveram
602 1292 620 1330 a
639 1272 755 1331 Caesare
774 1273 804 1331 in
823 1272 1004 1331 Britanniam
1016 1273 1203 1351 praemissum.

228 1356 318 1414 Hunc
332 1355 373 1413 illi
386 1373 403 1412 e
417 1355 483 1412 navi
503 1369 661 1429 egressum,
674 1370 763 1428 quum
785 1352 821 1409 ad
841 1371 891 1409 eos
911 1353 1031 1411 oratoris
1050 1353 1137 1411 modo
1157 1353 1207 1410 im·

227 1433 365 1510 peratoris
375 1432 511 1490 mandata
517 1430 665 1507 perferret,
676 1431 964 1508 comprehenderant,
974 1441 1058 1508 atque
1069 1431 1099 1489 in
1108 1433 1206 1489 vincu-

227 1511 256 1570 la
273 1510 474 1587 conjecerant:
495 1520 567 1583 tum,
581 1511 680 1588 praelio
694 1510 783 1584 sacto,
797 1510 979 1584 remiserunt,
993 1522 1023 1568 et
1036 1509 1066 1568 in
1080 1512 1207 1587 petendu

177 1605 212 1660 15
226 1608 300 1668 pace
313 1590 375 1667 ejus
388 1590 431 1648 rei
445 1589 560 1666 culpam
573 1591 603 1648 in
618 1589 831 1649 multitudinem
844 1591 1037 1663 contuerunt,
1050 1601 1081 1648 et
1093 1601 1207 1667 propter

229 1669 451 1770 imprudentiam
472 1680 505 1728 ut
528 1670 735 1748 ignosceretur,
756 1671 926 1747 petiverunt.
968 1669 1067 1728 Cesar
1090 1681 1207 1746 questus

158 1751 163 1762 ‘
228 1751 317 1828 quod,
330 1769 419 1827 quum
433 1749 507 1809 ultro
527 1750 557 1808 in
571 1751 768 1810 continentem
786 1749 889 1826 legatis
901 1749 997 1808 tniesis
1009 1750 1112 1824 pac'em
1127 1748 1164 1806 ab
1178 1767 1207 1807 se

228 1829 378 1908 petissent,
393 1828 500 1888 bellum
514 1830 576 1888 sine
590 1831 680 1892 causi
694 1830 866 1902 intulissent,
881 1829 1031 1906 ignoscere
1045 1827 1209 1903 impruden·

229 1909 277 1968 tite
297 1909 379 1983 dixit,
398 1909 568 1986 obsidesque
589 1909 757 1985 imperarit:
779 1925 900 1984 quorum
920 1908 961 1967 illi
981 1917 1091 1984 partem
1112 1908 1209 1965 statim

177 1991 215 2047 20
231 1990 382 2062 dederunt,
396 1999 517 2065 partem,
528 2007 563 2046 ex
577 1985 822 2063 longinquioribus
836 1986 907 2044 locis
921 1987 1098 2059 arcessitam,
1108 1987 1211 2062 paucis

231 2069 334 2126 diebus
347 2087 409 2124 sese
420 2068 536 2126 daturos
546 2065 688 2121 dixerunt.
716 2063 832 2120 Interea
842 2082 908 2121 suos
919 2065 1074 2140 remigrare
1087 2066 1116 2122 in
1128 2083 1211 2142 agros

227 2147 391 2222 jusserunt:
405 2144 605 2218 principesque
619 2142 745 2217 undique
759 2142 923 2215 convenire,
934 2151 964 2199 et
977 2161 1007 2198 se
1022 2142 1210 2222 civitatesque

229 2241 296 2280 suas
310 2220 637 2280 Carsari‘commendare
651 2230 808 2297 caeperunt.
1004 2225 1007 2234 '
1126 2221 1130 2228 ’

210 2310 227 2326 “-
268 2299 417 2359 XXVIII.
459 2298 515 2358 His
527 2299 614 2357 rebus
627 2318 699 2377 pace
713 2299 891 2373 confirmati,
899 2297 965 2376 prist
974 2297 1052 2357 diem
1065 2313 1210 2376 quartum,

178 2393 215 2448 25
230 2378 317 2457 qudm
337 2391 382 2438 est
403 2379 434 2438 iu
455 2379 636 2438 Britanniam
655 2389 780 2453 ventum,
802 2398 890 2438 naves
911 2377 1031 2448 XVIII,
1046 2379 1083 2436 de
1106 2382 1211 2458 quibua

231 2458 318 2538 suprd
331 2461 558 2519 demonstratum
567 2470 622 2534 est,
629 2479 693 2537 quae
704 2459 814 2536 equites
824 2459 1009 2533 sustulerant,
1017 2477 1054 2516 ex
1064 2461 1210 2536 superiora

231 2551 315 2618 portu
338 2540 399 2598 leni
420 2549 505 2600 vento
525 2539 678 2600 solverunt.
736 2538 814 2602 Quae
837 2558 926 2616 quum
952 2538 1211 2616 appropinquarent

233 2620 400 2694 Britanniae,
415 2631 445 2679 et
467 2641 503 2678 ex
521 2622 624 2680 castris
644 2620 819 2691 viderentur,
833 2629 914 2677 tanta
937 2629 1092 2695 tempestas
1114 2618 1211 2680 subito

233 2711 332 2759 coorta
351 2710 404 2772 est,
419 2711 451 2758 ut
472 2699 552 2758 nulla
572 2717 672 2758 earum
690 2717 806 2756 cursum
829 2707 928 2754 tenere
952 2709 1057 2772 posset,
1071 2697 1122 2754 sed
1147 2698 1211 2756 alim
1273 2697 1274 2724 i

181 2791 217 2844 30
233 2777 347 2849 eddam,
359 2777 437 2834 unde
450 2787 533 2834 erant
545 2778 691 2852 profectu,
705 2775 893 2845 referrentur3
916 2775 980 2833 alim
996 2777 1032 2834 ad
1046 2773 1211 2835 inferiorem

232 2868 343 2932 partem
364 2854 476 2926 insula,
496 2873 560 2930 quar
584 2864 628 2914 est
650 2850 767 2929 propitia
787 2852 856 2912 solis
877 2859 1029 2924 occasum,
1039 2874 1145 2932 magno
1166 2856 1211 2914 sui

233 2953 301 2993 cum
314 2933 443 3010 periculo
451 2932 645 3009 dejicerentur
657 2953 664 2991 ι
677 2950 741 3008 que
752 2943 860 3006 tamen,
870 2934 1004 2993 anchoris
1015 2933 1111 3011 jactis,
1122 2953 1212 3010 quum
1273 2987 1274 2996 ,

234 3013 368 3071 fluctibus
390 3011 610 3087 complerentur,
632 3011 797 3074 necessario
819 3013 939 3071 adversi
960 3023 1045 3072 nocte
1068 3013 1098 3072 in
1123 3013 1212 3072 altum

233 3102 373 3168 provectae
387 3091 584 3148 continentem
597 3092 749 3168 petierunt.
775 3110 779 3118 ¹
975 3103 984 3117 ‘
1058 3108 1061 3120 ·

182 3187 218 3242 35
275 3168 392 3228 XXIX.
435 3167 546 3227 Eidem
563 3181 648 3228 nocte
667 3171 784 3243 accidit,
798 3181 830 3228 ut
847 3181 924 3230 esset
946 3171 1015 3230 luna
1038 3171 1141 3249 pleua3
1162 3173 1213 3249 qui

235 3250 297 3309 dies
310 3247 468 3307 maritimos
482 3258 567 3306 aestus
581 3249 720 3308 maximos
734 3249 764 3307 in
780 3247 902 3309 Oceano
915 3250 1029 3310 efficere
1043 3251 1212 3310 cousuevit:

235 3331 394 3406 nostrisque
415 3326 445 3387 id
465 3338 527 3386 erat
544 3328 732 3405 incognitum.
774 3328 821 3387 Ita
838 3349 897 3389 uno
914 3317 1040 3406 tempore
1060 3337 1090 3385 et
1110 3327 1213 3408 longae

235 3429 333 3483 naves,
354 3409 458 3486 quibus
481 3407 579 3466 Cesar
600 3407 758 3467 exercitum
780 3410 1032 3488 transportandum
1051 3421 1212 3482 curaverat,

234 3505 362 3562 quasque
370 3488 400 3548 in
413 3483 523 3547 aridum
535 3488 720 3561 subduxerat,
732 3487 1003 3565 aestuscomplebat3
1017 3497 1047 3544 et
1053 3489 1212 3560 onerarias,

184 3569 219 3624 40
235 3584 299 3641 quae
314 3567 349 3623 ad
365 3569 505 3627 anchoras
518 3577 601 3626 erant
614 3567 756 3644 deligata,
767 3578 921 3645 tempestas
932 3565 1103 3637 afflictabat;
1118 3585 1212 3645 neque

236 3643 294 3702 ulla
308 3647 412 3703 nostris
421 3647 543 3707 facultas
552 3658 601 3708 aut
612 3646 840 3720 administrandi,
852 3657 901 3706 aut
912 3644 1068 3704 auxiliandi
1079 3647 1210 3705 dabatur.

235 3724 440 3801 Compluribus
460 3727 583 3786 navibus
603 3725 710 3800 fractis,
725 3727 841 3803 reliquus
860 3744 948 3800 quum
962 3736 1070 3800 essent,
1083 3726 1212 3795 funibus,

237 3803 380 3876 anchoris,
402 3804 588 3881 reliquisque·
601 3808 785 3864 armamentis
811 3803 933 3873 amissis,
958 3806 994 3864 ad
1017 3805 1213 3883 navigandum

237 3883 362 3956 inutiles,
371 3900 487 3960 magna,
496 3884 526 3942 id
534 3885 610 3960 quod
620 3901 740 3942 neccsse
750 3894 813 3944 erat
823 3883 1059 3959 accidere,totius
1069 3885 1213 3944 exercitus
