2564 4422
397 385 403 392 -
436 397 439 405 .
470 355 577 410 nmen
591 355 763 430 quinque.
1118 365 1158 426 05
1249 399 1252 404 .

120 513 245 580 caperet,
260 501 322 578 ipse
336 521 405 561 eum
414 499 539 577 quinque
552 499 714 576 legionibus
725 509 756 557 et
765 499 827 576 pari
840 516 959 567 numero
971 500 1108 578 equitum,

120 599 205 656 quem
227 580 257 640 iu
279 579 442 641 continenti
461 579 647 655 relinquebat,
663 577 729 636 solus
748 596 854 635 occasu
868 598 955 637 naves
976 580 1066 650 solvit,
1080 592 1111 639 et

63 731 66 738 Ι
117 659 178 716 leui
191 659 293 718 Africo
307 670 469 738 provectus,
483 658 578 718 medis
598 653 712 715 oir'oiter
733 668 817 715 noete
832 669 917 716 vento
937 657 1108 728 intermisso,

117 757 234 798 cursum
255 757 314 804 non
337 738 440 811 tenuit,
457 748 487 794 et
507 734 621 814 longids
642 735 753 794 delatus
774 747 855 804 aestu,
875 736 937 794 orti
960 737 1034 807 luce,
1056 739 1110 796 sub
1196 778 1201 788 -

116 816 234 876 sinistri
248 817 429 877 Britanniam
450 815 580 876 relictam
601 814 757 892 conspexit.
799 815 878 873 Tum
899 834 1005 884 rursus,
1025 817 1110 875 aestds
1139 823 1158 875 5

116 896 372 958 commutationem
381 905 506 964 secutus,
518 893 604 954 remis
612 894 769 963 contendit,
779 904 810 951 ut
818 913 881 952 eam
889 903 998 970 purtem
1010 894 1110 967 insule

116 975 318 1050 caperet,qui
337 976 477 1052 optimum
494 992 557 1032 csse
575 991 722 1050 egressum
735 973 879 1049 superiore
894 983 990 1030 aestute
1005 992 1111 1050 eogno-

117 1063 209 1110 rerat.
257 1053 328 1114 Qud
349 1051 380 1112 in
405 1072 437 1113 re
458 1053 611 1112 admodum
632 1050 685 1108 suit
705 1052 827 1110 militum
847 1052 935 1130 virtus
955 1051 1110 1125 laudanda,

88 1123 101 1160 Ι
119 1130 171 1205 qui
185 1129 318 1189 vectoriis
338 1132 524 1208 gravibusque
545 1130 677 1208 navigiis,
691 1149 749 1188 non
770 1130 931 1204 intermisso
950 1130 1111 1208 remigandi

118 1207 231 1276 labore,
258 1208 409 1284 longorum
434 1210 549 1268 navium
570 1228 685 1269 cursum
714 1209 907 1286 adequtirtiiit
949 1209 1110 1268 Accessum
1124 1215 1159 1278 10

118 1297 166 1344 est
185 1287 222 1344 ad
244 1283 422 1348 Britanniam
434 1288 568 1346 omnibus
581 1287 701 1346 navibus
721 1288 879 1345 meridiano
893 1286 951 1345 lere
965 1299 1110 1365 tempore:

118 1384 215 1440 neque
236 1364 267 1426 iu
289 1385 325 1433 ec
344 1365 407 1424 loco
427 1367 515 1430 hostis
534 1377 578 1424 cst
601 1367 693 1437 visus;
715 1368 775 1433 sed,
789 1376 821 1424 ut
839 1377 938 1444 postea
958 1366 1056 1424 Coesar
1075 1385 1112 1426 ex

118 1443 240 1519 captivis
253 1444 402 1532 comperit,
417 1461 505 1520 quum
525 1461 637 1518 magnae
651 1465 753 1500 manus
766 1443 802 1500 eb
816 1444 1025 1514 convenissent,
1040 1443 1111 1502 mul-
1146 1463 1149 1478 ·

79 1529 84 1536 ’
119 1521 243 1590 titudine
264 1540 381 1589 nauum
401 1522 568 1598 perterritos,
592 1520 668 1598 (que
682 1540 749 1578 oum
769 1522 912 1582 annotinis
928 1523 1110 1600 privatisque,

119 1618 194 1676 quas
213 1599 258 1658 sui
271 1597 389 1676 quisque
402 1599 546 1658 commodi
561 1599 677 1667 fecerat,
693 1599 815 1675 amplids
835 1601 944 1659 DCCC
959 1622 1017 1661 uno
1029 1613 1111 1676 erant
1125 1607 1158 1662 15

121 1677 193 1736 vise
213 1680 361 1758 tempore)
377 1699 394 1736 a
413 1675 506 1737 littore
521 1678 721 1745 discesserant,
737 1696 771 1735 eo
788 1697 818 1735 se
838 1679 869 1735 in
882 1681 1028 1754 superiora
1047 1680 1112 1740 loca

121 1755 304 1815 abdiderant

161 1833 217 1892 IX,
259 1834 366 1903 Caesar,
376 1835 504 1912 exposito
518 1835 656 1903 exercitu,
667 1845 696 1892 et
709 1835 772 1892 loco
785 1834 886 1892 cestris
900 1833 1003 1893 idoneo
1016 1845 1109 1911 capto,

119 1911 171 1970 ubi
190 1932 226 1970 ex
238 1913 359 1989 captivis
372 1915 515 1990 cognovit,
529 1932 586 1990 quo
599 1914 630 1971 in
650 1913 714 1970 loco
727 1912 851 1971 hostium
864 1913 954 1989 copiae
968 1915 1112 1972 consedis-

117 2002 193 2060 sent,
215 1992 380 2061 cohortibus
401 1992 431 2050 X
452 1994 489 2051 ad
509 2012 588 2050 more
609 1991 725 2059 relictis,
739 2003 769 2049 et
789 1991 931 2068 equitibus
952 1991 1041 2060 000,
1062 1992 1110 2069 qui
1123 1997 1160 2052 20

117 2071 253 2146 praesidio
266 2072 387 2144 navibus
400 2082 505 2140 essent,
520 2071 556 2129 de
576 2071 661 2154 tertii
675 2070 771 2147 vigilis
788 2072 823 2129 ad
838 2072 932 2130 hostes
952 2071 1110 2141 contendit,

89 2148 155 2207 <ed
178 2148 275 2212 miuus
289 2150 395 2208 veritus
416 2151 546 2219 navibus,
560 2150 638 2226 qudd
658 2151 688 2208 in
704 2149 797 2209 littore
811 2150 889 2226 molli
910 2162 993 2227 atque
1015 2161 1112 2228 aperto

118 2228 261 2304 deligatas
292 2229 328 2286 ad
360 2231 515 2288 anchoram
542 2229 742 2306 relinquebat;
772 2241 802 2288 et
831 2230 963 2308 praesidio
991 2231 1112 2290 navibus
1166 2263 1168 2266 v

117 2306 160 2370 Q.
176 2308 292 2364 Atrium
312 2307 448 2384 praefecit.
491 2306 567 2384 Ipse,
582 2320 670 2367 noctu
689 2329 853 2385 progressus
867 2310 956 2368 millia
975 2330 1110 2386 passuum

118 2385 236 2444 circiter
258 2384 330 2454 XII,
351 2386 475 2444 hostium
496 2387 594 2464 copias
614 2388 796 2463 conspicatus
813 2398 864 2446 est.
906 2388 962 2456 Illi,
984 2391 1111 2464 equitatu
1120 2391 1161 2446 25

120 2474 207 2540 atque
228 2465 335 2522 essedis
356 2466 392 2524 ad
413 2465 520 2524 flumen
532 2467 683 2543 progressi,
698 2486 733 2524 ex
753 2465 817 2522 loco
838 2467 981 2540 superiore
1002 2477 1112 2524 nostros

119 2542 282 2618 prohibere,
309 2554 338 2600 et
363 2538 493 2619 pralium
522 2545 698 2603 committere
727 2553 883 2618 coeperunt.
925 2543 1046 2618 Repulsi
1075 2545 1111 2601 ab

119 2621 260 2696 equitatu,
272 2641 302 2679 se
314 2621 344 2679 in
353 2623 445 2697 sylvas
456 2623 574 2680 abdider
596 2628 637 2696 nt,
648 2623 744 2680 locum
755 2621 834 2677 nacti
845 2619 959 2696 egregie
969 2629 998 2676 et
1008 2623 1111 2680 naturi
1191 2629 1195 2637 ‘

118 2709 149 2756 et
162 2719 249 2776 opere
269 2701 421 2769 munitum,
436 2721 520 2778 quem
535 2701 683 2782 dqnestioi
703 2699 780 2767 belli,
795 2711 827 2756 ut
840 2699 997 2767 ridebatur,
1012 2700 1111 2778 causi,

114 2778 178 2854 jam
207 2779 274 2836 anti
301 2792 550 2855 praeparaverant:
582 2801 649 2838 nam
679 2778 787 2837 crebris
814 2778 961 2837 arboribus
991 2777 1112 2837 succisis
1124 2782 1160 2838 30

118 2876 221 2914 omnes
237 2857 369 2915 introitus
382 2871 463 2918 erant
476 2859 617 2936 praeelusi.
659 2859 719 2936 lpsi
732 2877 768 2916 ex
781 2859 866 2934 sylvis
879 2857 935 2916 rari
948 2878 1112 2935 propugna-

120 2935 200 3004 bant,
222 2946 388 3012 nostrosque
411 2938 487 2996 intra
506 2938 681 2998 munitiones
701 2937 812 3014 ingredi
832 2937 1029 3014 prohibebant.
1072 2939 1110 2995 At

119 3015 228 3072 milites
242 3015 364 3092 legionis
377 3016 448 3085 Vll,
465 3018 609 3076 testudine
623 3017 709 3086 facti,
725 3027 754 3074 et
769 3025 872 3094 aggere
889 3017 924 3073 ad
938 3015 1125 3073 munitiones

120 3094 245 3169 adjecto,
261 3093 356 3160 locum
378 3107 525 3171 ceperunt,
540 3115 644 3171 eosque
657 3115 694 3153 ex
714 3095 799 3171 sylvis
820 3093 998 3172 expulerunt,
1012 3087 1113 3172 paucis

119 3169 289 3230 vulneribus
302 3175 448 3250 acceptis.'
479 3176 537 3233 sed
551 3194 599 3232 eos
620 3174 762 3251 fugientes
775 3173 889 3252 longius
902 3174 1001 3232 Caesar
1018 3192 1112 3250 prose·
1125 3174 1160 3228 35
1252 3172 1256 3179 ’

118 3250 168 3326 qui
183 3250 283 3318 vetuit,
301 3262 330 3308 et
347 3251 424 3328 qudd
444 3253 501 3312 loci
522 3264 654 3311 naturam
676 3254 835 3331 ignorabat,
850 3264 878 3311 et
899 3252 985 3328 quid,
1006 3249 1110 3324 magnai

118 3341 201 3406 parte
226 3329 285 3386 diei
305 3335 484 3408 consumpti,
506 3332 659 3391 munitioni
680 3344 836 3392 castrorum
857 3343 968 3404 tempus
990 3325 1111 3402 relinqui

120 3409 244 3466 volebat.

1125 1753 1178 1771 ια’·

162 3486 202 3544 X.
242 3487 384 3547 Postridie
403 3490 466 3566 ejus
487 3489 544 3548 diei
565 3509 649 3548 mane
663 3487 803 3567 tripartiti>
824 3485 928 3543 milites
947 3484 1113 3563 equitesque

124 3563 157 3620 in
176 3566 385 3642 expeditionem
406 3569 493 3636 misit,
511 3579 543 3626 ut
563 3589 622 3636 eos,
636 3570 684 3646 qui
706 3570 846 3644 fugerant,
867 3577 1112 3642 persequerentur.
1126 3565 1161 3622 40

124 3641 183 3700 His
201 3645 374 3720 aliquantum
390 3647 500 3706 itineris
513 3649 678 3724 progressis,
700 3665 787 3723 quum
805 3644 864 3720 jam
878 3644 998 3702 extremi
1018 3655 1114 3702 essent

123 3721 155 3779 in
178 3736 337 3802 prospectu,
358 3727 468 3805 equites
489 3747 506 3784 a
525 3727 566 3789 Q.
582 3728 665 3785 Atrio
679 3725 714 3782 ad
736 3723 881 3782 Caesarem
898 3733 1049 3791 venerunt,
1063 3721 1112 3798 qui

120 3801 306 3872 nunciarent,
335 3803 506 3882 ‘superiore
533 3817 627 3875 noete,
655 3803 781 3862 maximi
809 3803 906 3862 coortu
934 3812 1109 3878 tempestate,

119 3899 211 3960 prope
233 3901 335 3942 omnes
358 3903 446 4022 ιὲαέει
470 3883 599 3954 afflictas,
624 3895 707 3964 atque
728 3881 758 3941 in
781 3880 874 3944 littore
899 3881 1004 3958 ejectas
1030 3895 1109 3948 esse;
