2590 4424
164 341 205 400 ῃ
528 331 709 384 naaman
723 329 883 380 clauco

216 475 404 552 quiequitatu
423 473 642 550 mquid
661 469 1107 548 expeditiormtqatnhiqui
1125 472 1202 531 inter

217 554 311 612 aciem
324 553 517 620 versabantur,
527 553 640 609 tertiam
650 552 742 608 aciem
755 549 949 608 laborantibus
958 550 1062 606 nostris
1072 551 1202 610 subsidio

217 631 303 690 aruit

258 707 341 766 LIII.
382 707 429 765 Ita
449 707 577 783 prelium
601 707 760 764 restitutum
778 715 844 773 est3
875 707 959 779 alque
981 723 1081 780 omnes
1104 707 1203 763 hostes

191 797 300 863 merga
312 796 465 853 verterunt,
485 803 577 859 neque
588 783 668 859 priris
688 785 786 859 lugere
799 783 978 850 destiterunt,
991 782 1077 865 qudm
1092 785 1128 840 ad
1148 785 1204 840 tlu-
1272 781 1274 792 ’

220 883 286 922 rnen
299 864 436 921 Rhenum
449 861 539 920 millia
551 881 686 937 passuum
698 881 734 918 er
747 881 782 918 eo
792 861 855 918 loco
867 861 982 917 circiter
994 862 1203 937 quinquaginta

219 941 407 1019 pervenerint.
462 939 508 996 lbi
532 940 677 1016 perpauci,
702 950 751 996 aut
770 939 877 995 viribus
899 939 1000 996 conlisi
1023 949 1202 998 transnatare

219 1020 438 1085 contenderunt,
453 1028 502 1075 aut
521 1018 653 1076 lintribus
666 1017 789 1074 inventis
808 1017 863 1072 sibi
884 1017 1004 1072 salutem
1024 1031 1201 1092 repererunt.

221 1097 257 1154 In
278 1097 323 1153 his
343 1095 396 1153 luit
416 1095 585 1164 Ariovistus,
605 1096 665 1170 qui,
690 1095 851 1152 naviculam
873 1095 1027 1170 deligatam
1051 1096 1087 1152 ad
1110 1096 1202 1171 ripam

176 1183 332 1248 tonactus,
346 1175 382 1230 ed
401 1175 543 1250 profugit:
563 1174 804 1258 reliquoslomnes
823 1173 971 1229 consecuti
984 1173 1093 1247 equites
1113 1176 1203 1231 nostri

221 1253 432 1310 iuterfecerunt.
487 1253 559 1308 Due
586 1252 701 1308 literam
726 1250 860 1307 Ariovisti
890 1270 1001 1318 uxores,
1027 1270 1085 1308 una
1107 1253 1204 1310 Sueva

219 1331 346 1397 natione,
359 1349 444 1405 quam
459 1331 496 1386 ab
507 1331 593 1386 domo
605 1338 702 1385 secum
716 1329 872 1397 eduxerat3
893 1329 982 1386 altera
993 1329 1112 1396 Norica,
1127 1331 1204 1406 regis

220 1409 359 1468 Vocionis
381 1427 468 1473 soror,
491 1425 576 1480 quam
600 1406 629 1462 in
649 1406 744 1463 Gallis
764 1407 895 1473 duxerat,
921 1426 938 1464 a
959 1408 1044 1463 fratre
1065 1408 1201 1464 missam:

221 1497 347 1559 utraeque
373 1485 403 1541 in
426 1483 462 1540 ed
488 1485 556 1560 lugd
581 1484 734 1560 perierunt.
785 1483 858 1540 Dua
884 1485 949 1542 liliae
975 1486 1086 1553 harum,
1114 1486 1204 1544 altera

177 1563 327 1629 macana,
355 1562 443 1620 altera
467 1572 552 1637 capta
578 1573 629 1619 est
676 1563 712 1619 C.
739 1562 872 1619 Valerius
897 1563 1045 1630 Procillus,
1071 1583 1158 1638 quum
1186 1584 1203 1622 a

221 1641 387 1700 custodibus
400 1641 430 1697 in
451 1641 518 1716 lugd
531 1640 613 1698 trinis
633 1640 742 1698 catenis
755 1641 867 1698 vinctus
885 1642 1052 1708 traheretur,
1067 1642 1097 1698 in
1111 1642 1202 1718 ipsum

215 1720 375 1787 'Caesarem
391 1720 485 1776 hostes
505 1719 631 1794 equitatu
652 1730 878 1795 persequentem,
894 1719 1004 1776 incidit
1043 1720 1121 1780 Quae
1141 1721 1202 1794 qui-

221 1799 287 1856 dem
301 1817 346 1856 res
359 1797 467 1855 Caesari
480 1817 537 1855 noa
552 1798 699 1865 minorem,
713 1797 798 1871 quam
813 1797 874 1872 ipsa
890 1797 1017 1865 victoria,
1031 1797 1202 1872 voluptatem

175 1917 181 1928 .
222 1877 334 1945 attulit3
367 1874 444 1952 quaid
471 1876 615 1934 hominem
643 1875 873 1933 honestissimum
904 1875 1057 1949 provincie
1090 1876 1201 1944 Galliae,

109 1987 114 1994 ·
175 1961 305 2016 fflsuum
326 1955 494 2011 familiarem
514 1965 544 2010 et
564 1951 713 2029 hospitem,
734 1963 861 2027 ereptum
879 1972 896 2008 e
917 1954 1048 2010 manibus
1069 1954 1202 2021 hostium,

222 2033 277 2090 sibi
303 2032 462 2090 restitutum
495 2032 632 2100 videbat;
661 2049 753 2104 neque
778 2031 840 2106 ejus
866 2031 1028 2090 calamitate
1053 2033 1090 2088 de
1123 2034 1204 2090 tanta

223 2111 364 2184 voluptate
377 2120 407 2165 et
426 2109 615 2183 gratulatione
633 2109 787 2183 quidquam
809 2110 921 2165 fortuna
940 2109 1121 2166 diminuerat.
1161 2110 1202 2178 Is,

222 2206 254 2244 se
267 2195 416 2262 presente,
430 2186 467 2241 de
481 2205 511 2242 se
525 2197 568 2243 ter
588 2187 710 2243 sortibus
723 2187 882 2244 consultum
896 2187 1019 2254 dicebat,
1034 2187 1128 2246 utritm
1143 2189 1202 2263 igni

222 2263 318 2322 statim
342 2274 501 2330 necaretur,
523 2282 559 2320 an
584 2264 613 2320 in
635 2265 711 2321 aliud
730 2276 841 2340 tempus
858 2278 1065 2322 reservaretur:
1086 2267 1203 2324 sortium

177 2340 364 2404 25benelicio
382 2360 413 2398 se
431 2360 494 2398 esse
513 2341 693 2400 incolumem.
735 2343 808 2400 Item
827 2343 869 2400 M.
892 2343 1010 2401 Mettius
1028 2355 1154 2420 repertus
1174 2355 1204 2402 et

225 2421 340 2477 adeum
354 2420 488 2476 reductus
501 2429 552 2476 est.
632 2459 663 2503 „
721 2437 743 2452 ·‘
867 2473 870 2478 ,

265 2497 343 2556 le.
385 2497 451 2555 Hoc
469 2498 566 2574 prelio
578 2509 656 2556 trans
677 2499 813 2558 Rhenum
827 2501 972 2567 nunciato,
995 2500 1090 2567 Suevi,
1104 2501 1152 2575 qui
1166 2502 1204 2558 ad

224 2577 299 2654 rlpas
321 2575 418 2636 Rheni
431 2587 577 2646 venerunt,
597 2579 713 2636 domum
733 2579 834 2636 reverti
847 2589 1014 2654 caeperunt:
1034 2598 1104 2652 quos
1141 2579 1203 2645 ubi,

222 2657 271 2732 qui
291 2657 410 2732 proximi
432 2657 569 2715 Rhenum
583 2658 721 2724 incolunt,
740 2658 901 2732 perterritos
921 2657 1052 2723 insecuti,
1067 2675 1204 2732 magnum

177 2744 259 2798 30ex
282 2734 327 2790 his
352 2753 501 2792 numerum
526 2736 703 2792 occiderunt.
757 2733 863 2800 Caesar,
887 2734 945 2791 und
972 2744 1067 2790 aemate
1093 2734 1205 2792 duobus

223 2811 355 2870 maximis
375 2813 456 2880 bellis
476 2813 624 2878 consectis,
638 2811 777 2870 maturiirs
794 2811 892 2887 paulb,
903 2811 988 2886 quam
1009 2823 1120 2887 ternpus
1135 2813 1205 2869 anni

224 2887 392 2966 postulabat,
406 2889 435 2945 in
457 2889 584 2964 hyberna
603 2889 632 2958 in
655 2890 801 2963 Sequanos
820 2890 976 2950 exercitum
997 2890 1132 2946 deduxit:
1155 2891 1206 2964 hy·

225 2966 321 3025 bernis
342 2966 500 3024 Labienum
521 2967 691 3042 preposuit:
712 2967 820 3042 ipsein
841 2969 1001 3028 citeriorem
1018 2967 1152 3036 Galliam,
1168 2969 1206 3026 ad

224 3054 380 3103 conventus
394 3045 528 3122 agendos,
541 3045 685 3122 prolectas
696 3055 748 3103 est.
