<?xml version="1.0" encoding="UTF-8"?>
<!DOCTYPE html PUBLIC "-//W3C//DTD XHTML 1.0 Transitional//EN"
    "http://www.w3.org/TR/xhtml1/DTD/xhtml1-transitional.dtd">
<html xmlns="http://www.w3.org/1999/xhtml" xml:lang="en" lang="en">
 <head>
  <title>
</title>
<meta http-equiv="Content-Type" content="text/html;charset=utf-8" />
  <meta name='ocr-system' content='tesseract 3.04.00' />
  <meta name='ocr-capabilities' content='ocr_page ocr_carea ocr_par ocr_line ocrx_word'/>
</head>
<body>
  <div class='ocr_page' id='page_1' title='image "./commentariidebe00levegoog_0124.png"; bbox 0 0 2564 4422; ppageno 0'>
   <div class='ocr_carea' id='block_1_1' title="bbox 261 0 1057 1">
    <p class='ocr_par' dir='ltr' id='par_1_1' title="bbox 261 0 1057 1">
     <span class='ocr_line' id='line_1_1' title="bbox 261 0 1057 1; baseline 0 0"><span class='ocrx_word' id='word_1_1' title='bbox 261 0 1057 1; x_wconf 95' lang='lat' dir='ltr'><strong> </strong></span> 
     </span>
    </p>
   </div>
   <div class='ocr_carea' id='block_1_2' title="bbox 506 0 1057 1">
    <p class='ocr_par' dir='ltr' id='par_1_2' title="bbox 506 0 1057 1">
     <span class='ocr_line' id='line_1_2' title="bbox 506 0 1057 1; baseline 0 0"><span class='ocrx_word' id='word_1_2' title='bbox 506 0 1057 1; x_wconf 95' lang='lat' dir='ltr'><strong> </strong></span> 
     </span>
    </p>
   </div>
   <div class='ocr_carea' id='block_1_3' title="bbox 447 327 1138 430">
    <p class='ocr_par' dir='ltr' id='par_1_3' title="bbox 447 327 1138 430">
     <span class='ocr_line' id='line_1_3' title="bbox 447 327 1138 430; baseline 0.001 -23"><span class='ocrx_word' id='word_1_3' title='bbox 447 357 556 408; x_wconf 82' lang='lat' dir='ltr'><strong>mauu</strong></span> <span class='ocrx_word' id='word_1_4' title='bbox 571 359 755 411; x_wconf 77' lang='lat' dir='ltr'><strong>suerrum.</strong></span> <span class='ocrx_word' id='word_1_5' title='bbox 910 327 916 340; x_wconf 82' lang='lat'>&#39;</span> <span class='ocrx_word' id='word_1_6' title='bbox 1080 371 1138 430; x_wconf 79' lang='lat' dir='ltr'><strong>lla</strong></span> 
     </span>
    </p>
   </div>
   <div class='ocr_carea' id='block_1_4' title="bbox 12 484 1214 3886">
    <p class='ocr_par' dir='ltr' id='par_1_4' title="bbox 12 484 1214 3886">
     <span class='ocr_line' id='line_1_4' title="bbox 96 484 1087 580; baseline 0.003 -19"><span class='ocrx_word' id='word_1_7' title='bbox 96 511 149 561; x_wconf 82' lang='lat' dir='ltr'><strong>aut</strong></span> <span class='ocrx_word' id='word_1_8' title='bbox 169 502 206 560; x_wconf 91' lang='lat' dir='ltr'><strong>de</strong></span> <span class='ocrx_word' id='word_1_9' title='bbox 223 499 338 577; x_wconf 89' lang='lat' dir='ltr'><strong>legibus</strong></span> <span class='ocrx_word' id='word_1_10' title='bbox 358 517 459 558; x_wconf 88' lang='lat' dir='ltr'><strong>eorum</strong></span> <span class='ocrx_word' id='word_1_11' title='bbox 480 499 647 559; x_wconf 82' lang='lat' dir='ltr'>diminuisse</span> <span class='ocrx_word' id='word_1_12' title='bbox 668 502 821 570; x_wconf 90' lang='lat' dir='ltr'><strong>videretur,</strong></span> <span class='ocrx_word' id='word_1_13' title='bbox 843 503 903 580; x_wconf 89' lang='lat' dir='ltr'><strong>ipse</strong></span> <span class='ocrx_word' id='word_1_14' title='bbox 927 484 1087 570; x_wconf 76' lang='lat' dir='ltr'><strong>inAEduos</strong></span> 
     </span>
     <span class='ocr_line' id='line_1_5' title="bbox 94 579 1087 658; baseline 0.011 -21"><span class='ocrx_word' id='word_1_15' title='bbox 94 579 239 658; x_wconf 85' lang='lat' dir='ltr'><strong>proficisci</strong></span> <span class='ocrx_word' id='word_1_16' title='bbox 261 579 370 651; x_wconf 82' lang='lat' dir='ltr'><strong>statuit,</strong></span> <span class='ocrx_word' id='word_1_17' title='bbox 393 579 589 655; x_wconf 82' lang='lat' dir='ltr'><strong>Senatumque</strong></span> <span class='ocrx_word' id='word_1_18' title='bbox 610 599 734 649; x_wconf 84' lang='lat' dir='ltr'><strong>omnem,</strong></span> <span class='ocrx_word' id='word_1_19' title='bbox 748 596 778 640; x_wconf 91' lang='lat' dir='ltr'><strong>et</strong></span> <span class='ocrx_word' id='word_1_20' title='bbox 797 587 867 656; x_wconf 85' lang='lat' dir='ltr'><strong>quos</strong></span> <span class='ocrx_word' id='word_1_21' title='bbox 881 583 954 643; x_wconf 90' lang='lat' dir='ltr'><strong>iuter</strong></span> <span class='ocrx_word' id='word_1_22' title='bbox 975 599 1087 648; x_wconf 83' lang='lat' dir='ltr'><strong>coutro-</strong></span> 
     </span>
     <span class='ocr_line' id='line_1_6' title="bbox 95 656 1087 740; baseline 0.004 -24"><span class='ocrx_word' id='word_1_23' title='bbox 95 658 191 716; x_wconf 90' lang='lat' dir='ltr'><strong>versia</strong></span> <span class='ocrx_word' id='word_1_24' title='bbox 209 668 295 730; x_wconf 87' lang='lat' dir='ltr'><strong>esset,</strong></span> <span class='ocrx_word' id='word_1_25' title='bbox 310 657 392 714; x_wconf 87' lang='lat' dir='ltr'><strong>adse</strong></span> <span class='ocrx_word' id='word_1_26' title='bbox 413 656 566 728; x_wconf 81' lang='lat' dir='ltr'><strong>Decetiam</strong></span> <span class='ocrx_word' id='word_1_27' title='bbox 586 659 722 717; x_wconf 89' lang='lat' dir='ltr'><strong>evocavit.</strong></span> <span class='ocrx_word' id='word_1_28' title='bbox 763 660 866 723; x_wconf 79' lang='lat' dir='ltr'><strong>Quum</strong></span> <span class='ocrx_word' id='word_1_29' title='bbox 885 682 972 740; x_wconf 85' lang='lat' dir='ltr'>prope</span> <span class='ocrx_word' id='word_1_30' title='bbox 993 667 1087 726; x_wconf 76' lang='lat' dir='ltr'><strong>omnis</strong></span> 
     </span>
     <span class='ocr_line' id='line_1_7' title="bbox 95 735 1120 815; baseline 0.009 -21"><span class='ocrx_word' id='word_1_31' title='bbox 95 737 197 795; x_wconf 84' lang='lat' dir='ltr'><strong>civitas</strong></span> <span class='ocrx_word' id='word_1_32' title='bbox 210 735 248 796; x_wconf 79' lang='lat' dir='ltr'><strong>ed</strong></span> <span class='ocrx_word' id='word_1_33' title='bbox 262 736 452 803; x_wconf 84' lang='lat' dir='ltr'><strong>convenisset,</strong></span> <span class='ocrx_word' id='word_1_34' title='bbox 466 735 682 813; x_wconf 81' lang='lat' dir='ltr'><strong>docereturque,</strong></span> <span class='ocrx_word' id='word_1_35' title='bbox 696 738 796 815; x_wconf 78' lang='lat' dir='ltr'><strong>paucis</strong></span> <span class='ocrx_word' id='word_1_36' title='bbox 810 739 885 798; x_wconf 72' lang='lat' dir='ltr'><strong>clim</strong></span> <span class='ocrx_word' id='word_1_37' title='bbox 899 743 1016 812; x_wconf 89' lang='lat' dir='ltr'><strong>vocatis,</strong></span> <span class='ocrx_word' id='word_1_38' title='bbox 1031 745 1087 806; x_wconf 86' lang='lat' dir='ltr'><strong>alio</strong></span> <span class='ocrx_word' id='word_1_39' title='bbox 1116 773 1120 782; x_wconf 87' lang='lat'><strong>·</strong></span> 
     </span>
     <span class='ocr_line' id='line_1_8' title="bbox 94 815 1214 890; baseline 0.008 -16"><span class='ocrx_word' id='word_1_40' title='bbox 94 815 241 884; x_wconf 79' lang='lat' dir='ltr'><strong>loco‚&#39;ali0</strong></span> <span class='ocrx_word' id='word_1_41' title='bbox 254 825 391 890; x_wconf 86' lang='lat' dir='ltr'><strong>tempore,</strong></span> <span class='ocrx_word' id='word_1_42' title='bbox 407 825 490 889; x_wconf 88' lang='lat' dir='ltr'><strong>atque</strong></span> <span class='ocrx_word' id='word_1_43' title='bbox 501 817 665 890; x_wconf 77' lang='lat' dir='ltr'><strong>oportuerit,</strong></span> <span class='ocrx_word' id='word_1_44' title='bbox 678 817 793 874; x_wconf 87' lang='lat' dir='ltr'><strong>fratrem</strong></span> <span class='ocrx_word' id='word_1_45' title='bbox 807 837 824 875; x_wconf 88' lang='lat' dir='ltr'><strong>a</strong></span> <span class='ocrx_word' id='word_1_46' title='bbox 837 819 922 878; x_wconf 87' lang='lat' dir='ltr'><strong>fratre</strong></span> <span class='ocrx_word' id='word_1_47' title='bbox 935 825 1086 884; x_wconf 86' lang='lat' dir='ltr'><strong>renuncia·</strong></span> <span class='ocrx_word' id='word_1_48' title='bbox 1114 831 1132 882; x_wconf 99' lang='grc'><strong>5</strong></span> <span class='ocrx_word' id='word_1_49' title='bbox 1209 847 1214 864; x_wconf 74' lang='lat'><strong><em>¹</em></strong></span> 
     </span>
     <span class='ocr_line' id='line_1_9' title="bbox 94 893 1087 973; baseline 0.008 -20"><span class='ocrx_word' id='word_1_50' title='bbox 94 905 175 964; x_wconf 87' lang='lat' dir='ltr'><strong>tum;</strong></span> <span class='ocrx_word' id='word_1_51' title='bbox 197 909 286 969; x_wconf 88' lang='lat' dir='ltr'><strong>quum</strong></span> <span class='ocrx_word' id='word_1_52' title='bbox 296 893 375 968; x_wconf 88' lang='lat' dir='ltr'><strong>leges</strong></span> <span class='ocrx_word' id='word_1_53' title='bbox 386 893 443 950; x_wconf 93' lang='lat' dir='ltr'><strong>duo</strong></span> <span class='ocrx_word' id='word_1_54' title='bbox 455 911 492 950; x_wconf 91' lang='lat' dir='ltr'><strong>ex</strong></span> <span class='ocrx_word' id='word_1_55' title='bbox 502 894 561 950; x_wconf 77' lang='lat' dir='ltr'><strong>und</strong></span> <span class='ocrx_word' id='word_1_56' title='bbox 575 893 692 962; x_wconf 73' lang='lat' dir='ltr'><strong>familia,</strong></span> <span class='ocrx_word' id='word_1_57' title='bbox 707 895 770 954; x_wconf 89' lang='lat' dir='ltr'><strong>vivo</strong></span> <span class='ocrx_word' id='word_1_58' title='bbox 783 907 912 973; x_wconf 90' lang='lat' dir='ltr'><strong>utroque,</strong></span> <span class='ocrx_word' id='word_1_59' title='bbox 923 919 981 958; x_wconf 87' lang='lat' dir='ltr'><strong>uon</strong></span> <span class='ocrx_word' id='word_1_60' title='bbox 994 901 1087 962; x_wconf 77' lang='lat' dir='ltr'><strong>solum</strong></span> 
     </span>
     <span class='ocr_line' id='line_1_10' title="bbox 93 971 1087 1056; baseline 0.008 -25"><span class='ocrx_word' id='word_1_61' title='bbox 93 973 280 1050; x_wconf 75' lang='lat' dir='ltr'><strong>magistratus</strong></span> <span class='ocrx_word' id='word_1_62' title='bbox 301 971 393 1029; x_wconf 89' lang='lat' dir='ltr'><strong>creari</strong></span> <span class='ocrx_word' id='word_1_63' title='bbox 406 981 544 1040; x_wconf 90' lang='lat' dir='ltr'><strong>vetarent,</strong></span> <span class='ocrx_word' id='word_1_64' title='bbox 559 973 610 1030; x_wconf 90' lang='lat' dir='ltr'><strong>sed</strong></span> <span class='ocrx_word' id='word_1_65' title='bbox 631 973 717 1030; x_wconf 88' lang='lat' dir='ltr'><strong>etiam</strong></span> <span class='ocrx_word' id='word_1_66' title='bbox 731 973 762 1031; x_wconf 88' lang='lat' dir='ltr'><strong>in</strong></span> <span class='ocrx_word' id='word_1_67' title='bbox 784 976 893 1052; x_wconf 70' lang='lat' dir='ltr'><strong>Senatu</strong></span> <span class='ocrx_word' id='word_1_68' title='bbox 911 997 974 1036; x_wconf 87' lang='lat' dir='ltr'><strong>esse</strong></span> <span class='ocrx_word' id='word_1_69' title='bbox 993 981 1087 1056; x_wconf 83' lang='lat' dir='ltr'><strong>prohi-</strong></span> 
     </span>
     <span class='ocr_line' id='line_1_11' title="bbox 94 1049 1085 1128; baseline 0.009 -20"><span class='ocrx_word' id='word_1_70' title='bbox 94 1053 217 1121; x_wconf 85' lang='lat' dir='ltr'><strong>berent3</strong></span> <span class='ocrx_word' id='word_1_71' title='bbox 238 1051 344 1108; x_wconf 86' lang='lat' dir='ltr'><strong>Cotum</strong></span> <span class='ocrx_word' id='word_1_72' title='bbox 358 1050 508 1126; x_wconf 90' lang='lat' dir='ltr'><strong>imperium</strong></span> <span class='ocrx_word' id='word_1_73' title='bbox 522 1049 665 1127; x_wconf 82' lang='lat' dir='ltr'><strong>deponere</strong></span> <span class='ocrx_word' id='word_1_74' title='bbox 679 1053 795 1128; x_wconf 71' lang='lat' dir='ltr'><strong>coegit3</strong></span> <span class='ocrx_word' id='word_1_75' title='bbox 817 1055 1085 1128; x_wconf 78' lang='lat' dir='ltr'><strong>Conuictolitauem,</strong></span> 
     </span>
     <span class='ocr_line' id='line_1_12' title="bbox 95 1129 1085 1212; baseline 0.008 -24"><span class='ocrx_word' id='word_1_76' title='bbox 95 1129 148 1206; x_wconf 88' lang='lat' dir='ltr'><strong>qui</strong></span> <span class='ocrx_word' id='word_1_77' title='bbox 168 1149 217 1206; x_wconf 88' lang='lat' dir='ltr'><strong>per</strong></span> <span class='ocrx_word' id='word_1_78' title='bbox 237 1129 409 1203; x_wconf 78' lang='lat' dir='ltr'><strong>sacerdotes,</strong></span> <span class='ocrx_word' id='word_1_79' title='bbox 430 1147 509 1187; x_wconf 89' lang='lat' dir='ltr'><strong>more</strong></span> <span class='ocrx_word' id='word_1_80' title='bbox 523 1129 656 1203; x_wconf 85' lang='lat' dir='ltr'><strong>civitatis,</strong></span> <span class='ocrx_word' id='word_1_81' title='bbox 676 1130 844 1190; x_wconf 90' lang='lat' dir='ltr'><strong>intromissis</strong></span> <span class='ocrx_word' id='word_1_82' title='bbox 863 1136 1085 1212; x_wconf 86' lang='lat' dir='ltr'><strong>magistratibus,</strong></span> 
     </span>
     <span class='ocr_line' id='line_1_13' title="bbox 215 1208 1131 1286; baseline 0.003 -21"><span class='ocrx_word' id='word_1_83' title='bbox 215 1211 244 1273; x_wconf 57' lang='lat' dir='ltr'><strong>,fi</strong></span> <span class='ocrx_word' id='word_1_84' title='bbox 291 1234 310 1276; x_wconf 78' lang='lat'><strong>2,</strong></span> <span class='ocrx_word' id='word_1_85' title='bbox 324 1217 494 1284; x_wconf 86' lang='lat' dir='ltr'><strong>potestatem</strong></span> <span class='ocrx_word' id='word_1_86' title='bbox 507 1208 636 1266; x_wconf 90' lang='lat' dir='ltr'><strong>obtinere</strong></span> <span class='ocrx_word' id='word_1_87' title='bbox 644 1209 736 1286; x_wconf 87' lang='lat' dir='ltr'><strong>jussit.</strong></span> <span class='ocrx_word' id='word_1_88' title='bbox 1097 1221 1131 1274; x_wconf 88' lang='lat'><strong>10</strong></span> 
     </span>
     <span class='ocr_line' id='line_1_14' title="bbox 152 1287 1087 1364; baseline 0.013 -23"><span class='ocrx_word' id='word_1_89' title='bbox 152 1293 205 1339; x_wconf 62' lang='grc' dir='ltr'><strong>’ξ</strong></span> <span class='ocrx_word' id='word_1_90' title='bbox 276 1327 284 1343; x_wconf 92' lang='grc'><strong>.</strong></span> <span class='ocrx_word' id='word_1_91' title='bbox 326 1287 393 1346; x_wconf 88' lang='lat' dir='ltr'><strong>Hoc</strong></span> <span class='ocrx_word' id='word_1_92' title='bbox 413 1287 529 1362; x_wconf 88' lang='lat' dir='ltr'><strong>decreto</strong></span> <span class='ocrx_word' id='word_1_93' title='bbox 549 1287 724 1364; x_wconf 84' lang='lat' dir='ltr'><strong>interposito,</strong></span> <span class='ocrx_word' id='word_1_94' title='bbox 738 1290 902 1350; x_wconf 76' lang='lat' dir='ltr'><strong>cohortatus</strong></span> <span class='ocrx_word' id='word_1_95' title='bbox 916 1293 1036 1363; x_wconf 85' lang='lat' dir='ltr'><strong>AEduos,</strong></span> <span class='ocrx_word' id='word_1_96' title='bbox 1054 1305 1087 1352; x_wconf 87' lang='lat' dir='ltr'><strong>ut</strong></span> 
     </span>
     <span class='ocr_line' id='line_1_15' title="bbox 185 1365 1086 1448; baseline 0.004 -21"><span class='ocrx_word' id='word_1_97' title='bbox 185 1392 198 1417; x_wconf 53' lang='grc' dir='ltr'>ν</span> <span class='ocrx_word' id='word_1_98' title='bbox 273 1385 354 1424; x_wconf 90' lang='lat' dir='ltr'><strong>arum</strong></span> <span class='ocrx_word' id='word_1_99' title='bbox 375 1385 411 1424; x_wconf 87' lang='lat' dir='ltr'><strong>ac</strong></span> <span class='ocrx_word' id='word_1_100' title='bbox 430 1365 640 1426; x_wconf 84' lang='lat' dir='ltr'><strong>dissensionum</strong></span> <span class='ocrx_word' id='word_1_101' title='bbox 659 1367 904 1440; x_wconf 86' lang='lat' dir='ltr'><strong>obliviscerentur,</strong></span> <span class='ocrx_word' id='word_1_102' title='bbox 919 1384 1013 1448; x_wconf 90' lang='lat' dir='ltr'><strong>atque,</strong></span> <span class='ocrx_word' id='word_1_103' title='bbox 1026 1392 1086 1431; x_wconf 92' lang='lat' dir='ltr'><strong>om-</strong></span> 
     </span>
     <span class='ocr_line' id='line_1_16' title="bbox 96 1444 1086 1527; baseline 0.008 -25"><span class='ocrx_word' id='word_1_104' title='bbox 96 1445 190 1524; x_wconf 69' lang='lat' dir='ltr'><strong>nibq‘s·</strong></span> <span class='ocrx_word' id='word_1_105' title='bbox 202 1474 204 1477; x_wconf 85' lang='grc'><em>·</em></span> <span class='ocrx_word' id='word_1_106' title='bbox 253 1463 309 1502; x_wconf 53' lang='lat' dir='ltr'><strong>vurs</strong></span> <span class='ocrx_word' id='word_1_107' title='bbox 319 1445 363 1502; x_wconf 89' lang='lat' dir='ltr'><strong>bis</strong></span> <span class='ocrx_word' id='word_1_108' title='bbox 373 1444 468 1513; x_wconf 89' lang='lat' dir='ltr'><strong>rebus,</strong></span> <span class='ocrx_word' id='word_1_109' title='bbox 480 1445 548 1503; x_wconf 90' lang='lat' dir='ltr'><strong>huic</strong></span> <span class='ocrx_word' id='word_1_110' title='bbox 562 1447 637 1504; x_wconf 92' lang='lat' dir='ltr'><strong>bello</strong></span> <span class='ocrx_word' id='word_1_111' title='bbox 649 1447 796 1517; x_wconf 90' lang='lat' dir='ltr'><strong>servirent,</strong></span> <span class='ocrx_word' id='word_1_112' title='bbox 807 1468 907 1525; x_wconf 87' lang='lat' dir='ltr'><strong>eaque,</strong></span> <span class='ocrx_word' id='word_1_113' title='bbox 916 1471 979 1527; x_wconf 83' lang='lat' dir='ltr'><strong>quae</strong></span> <span class='ocrx_word' id='word_1_114' title='bbox 993 1471 1086 1510; x_wconf 87' lang='lat' dir='ltr'><strong>meru·</strong></span> 
     </span>
     <span class='ocr_line' id='line_1_17' title="bbox 97 1524 1087 1608; baseline 0.009 -27"><span class='ocrx_word' id='word_1_115' title='bbox 97 1524 104 1535; x_wconf 86' lang='grc'><strong>’</strong></span> <span class='ocrx_word' id='word_1_116' title='bbox 143 1538 234 1583; x_wconf 51' lang='grc' dir='ltr'><strong>παῖ-ει</strong></span> <span class='ocrx_word' id='word_1_117' title='bbox 256 1525 339 1582; x_wconf 85' lang='lat' dir='ltr'><strong>aemia</strong></span> <span class='ocrx_word' id='word_1_118' title='bbox 359 1525 395 1582; x_wconf 90' lang='lat' dir='ltr'><strong>ab</strong></span> <span class='ocrx_word' id='word_1_119' title='bbox 420 1543 461 1592; x_wconf 89' lang='lat' dir='ltr'><strong>se,</strong></span> <span class='ocrx_word' id='word_1_120' title='bbox 486 1524 599 1582; x_wconf 74' lang='lat' dir='ltr'><strong>devicti</strong></span> <span class='ocrx_word' id='word_1_121' title='bbox 621 1525 726 1594; x_wconf 81' lang='lat' dir='ltr'><strong>Gallirl,</strong></span> <span class='ocrx_word' id='word_1_122' title='bbox 748 1539 955 1604; x_wconf 80' lang='lat' dir='ltr'><strong>exspectarent,</strong></span> <span class='ocrx_word' id='word_1_123' title='bbox 979 1531 1087 1608; x_wconf 85' lang='lat' dir='ltr'><strong>equita·</strong></span> 
     </span>
     <span class='ocr_line' id='line_1_18' title="bbox 137 1603 1131 1686; baseline 0.011 -31"><span class='ocrx_word' id='word_1_124' title='bbox 137 1630 143 1655; x_wconf 67' lang='lat'>0</span> <span class='ocrx_word' id='word_1_125' title='bbox 224 1623 226 1628; x_wconf 94' lang='lat'>·</span> <span class='ocrx_word' id='word_1_126' title='bbox 237 1611 361 1686; x_wconf 80' lang='lat' dir='ltr'><strong>ornnem,</strong></span> <span class='ocrx_word' id='word_1_127' title='bbox 375 1614 404 1661; x_wconf 95' lang='lat' dir='ltr'><strong>et</strong></span> <span class='ocrx_word' id='word_1_128' title='bbox 415 1603 544 1679; x_wconf 89' lang='lat' dir='ltr'><strong>peditum</strong></span> <span class='ocrx_word' id='word_1_129' title='bbox 564 1604 654 1662; x_wconf 88' lang='lat' dir='ltr'><strong>millia</strong></span> <span class='ocrx_word' id='word_1_130' title='bbox 666 1604 697 1661; x_wconf 91' lang='lat' dir='ltr'>X</span> <span class='ocrx_word' id='word_1_131' title='bbox 711 1605 765 1662; x_wconf 90' lang='lat' dir='ltr'><strong>sibi</strong></span> <span class='ocrx_word' id='word_1_132' title='bbox 779 1607 909 1666; x_wconf 89' lang='lat' dir='ltr'><strong>celeriter</strong></span> <span class='ocrx_word' id='word_1_133' title='bbox 929 1611 1084 1678; x_wconf 86' lang='lat' dir='ltr'><strong>mitterent,</strong></span> <span class='ocrx_word' id='word_1_134' title='bbox 1097 1615 1131 1667; x_wconf 89' lang='grc'><strong>15</strong></span> 
     </span>
     <span class='ocr_line' id='line_1_19' title="bbox 94 1679 1086 1760; baseline 0.007 -22"><span class='ocrx_word' id='word_1_135' title='bbox 94 1701 164 1757; x_wconf 83' lang='lat' dir='ltr'><strong>quae</strong></span> <span class='ocrx_word' id='word_1_136' title='bbox 181 1699 211 1737; x_wconf 90' lang='lat' dir='ltr'><strong>ru</strong></span> <span class='ocrx_word' id='word_1_137' title='bbox 225 1679 363 1758; x_wconf 77' lang='lat' dir='ltr'><strong>presidiis</strong></span> <span class='ocrx_word' id='word_1_138' title='bbox 374 1681 413 1739; x_wconf 89' lang='lat' dir='ltr'><strong>rei</strong></span> <span class='ocrx_word' id='word_1_139' title='bbox 434 1683 626 1741; x_wconf 74' lang='lat' dir='ltr'><strong>frumentaria</strong></span> <span class='ocrx_word' id='word_1_140' title='bbox 641 1683 729 1740; x_wconf 83' lang='lat' dir='ltr'><strong>causd</strong></span> <span class='ocrx_word' id='word_1_141' title='bbox 742 1684 913 1760; x_wconf 87' lang='lat' dir='ltr'><strong>disponeret,</strong></span> <span class='ocrx_word' id='word_1_142' title='bbox 928 1688 1086 1746; x_wconf 87' lang='lat' dir='ltr'><strong>exercitum</strong></span> 
     </span>
     <span class='ocr_line' id='line_1_20' title="bbox 94 1759 1133 1838; baseline 0.004 -20"><span class='ocrx_word' id='word_1_143' title='bbox 94 1761 128 1818; x_wconf 91' lang='lat' dir='ltr'><strong>in</strong></span> <span class='ocrx_word' id='word_1_144' title='bbox 151 1759 229 1817; x_wconf 88' lang='lat' dir='ltr'><strong>duas·</strong></span> <span class='ocrx_word' id='word_1_145' title='bbox 244 1768 338 1836; x_wconf 91' lang='lat' dir='ltr'><strong>partes</strong></span> <span class='ocrx_word' id='word_1_146' title='bbox 357 1760 467 1831; x_wconf 85' lang='lat' dir='ltr'><strong>divisit3</strong></span> <span class='ocrx_word' id='word_1_147' title='bbox 488 1761 533 1819; x_wconf 91' lang='lat' dir='ltr'><strong>IV</strong></span> <span class='ocrx_word' id='word_1_148' title='bbox 556 1761 684 1838; x_wconf 84' lang='lat' dir='ltr'><strong>legiones</strong></span> <span class='ocrx_word' id='word_1_149' title='bbox 708 1761 738 1818; x_wconf 88' lang='lat' dir='ltr'><strong>in</strong></span> <span class='ocrx_word' id='word_1_150' title='bbox 753 1761 884 1820; x_wconf 81' lang='lat' dir='ltr'><strong>Senones</strong></span> <span class='ocrx_word' id='word_1_151' title='bbox 906 1763 1085 1838; x_wconf 87' lang='lat' dir='ltr'><strong>Parisiosque</strong></span> <span class='ocrx_word' id='word_1_152' title='bbox 1127 1781 1133 1794; x_wconf 93' lang='lat'><em>·</em></span> 
     </span>
     <span class='ocr_line' id='line_1_21' title="bbox 94 1839 1086 1918; baseline 0.001 -20"><span class='ocrx_word' id='word_1_153' title='bbox 94 1839 231 1898; x_wconf 86' lang='lat' dir='ltr'><strong>Labieno</strong></span> <span class='ocrx_word' id='word_1_154' title='bbox 251 1839 516 1910; x_wconf 83' lang='lat' dir='ltr'><strong>ducendae·dedit;</strong></span> <span class='ocrx_word' id='word_1_155' title='bbox 537 1841 581 1899; x_wconf 91' lang='lat' dir='ltr'><strong>VI</strong></span> <span class='ocrx_word' id='word_1_156' title='bbox 602 1841 663 1916; x_wconf 91' lang='lat' dir='ltr'><strong>ipse</strong></span> <span class='ocrx_word' id='word_1_157' title='bbox 684 1839 714 1897; x_wconf 93' lang='lat' dir='ltr'><strong>in</strong></span> <span class='ocrx_word' id='word_1_158' title='bbox 733 1841 878 1898; x_wconf 79' lang='lat' dir='ltr'><strong>Arvernos</strong></span> <span class='ocrx_word' id='word_1_159' title='bbox 892 1842 928 1898; x_wconf 90' lang='lat' dir='ltr'><strong>ad</strong></span> <span class='ocrx_word' id='word_1_160' title='bbox 950 1841 1086 1918; x_wconf 90' lang='lat' dir='ltr'><strong>oppidum</strong></span> 
     </span>
     <span class='ocr_line' id='line_1_22' title="bbox 95 1917 1086 1996; baseline 0.001 -20"><span class='ocrx_word' id='word_1_161' title='bbox 95 1917 270 1995; x_wconf 86' lang='lat' dir='ltr'><strong>Gergoviam</strong></span> <span class='ocrx_word' id='word_1_162' title='bbox 284 1919 442 1979; x_wconf 85' lang='lat' dir='ltr'><strong>secuuddm</strong></span> <span class='ocrx_word' id='word_1_163' title='bbox 457 1919 563 1978; x_wconf 87' lang='lat' dir='ltr'><strong>flumen</strong></span> <span class='ocrx_word' id='word_1_164' title='bbox 578 1919 681 1978; x_wconf 84' lang='lat' dir='ltr'><strong>Elaver</strong></span> <span class='ocrx_word' id='word_1_165' title='bbox 702 1919 800 1989; x_wconf 84' lang='lat' dir='ltr'><strong>duxit3</strong></span> <span class='ocrx_word' id='word_1_166' title='bbox 822 1919 964 1995; x_wconf 71' lang='lat' dir='ltr'><strong>equitatius</strong></span> <span class='ocrx_word' id='word_1_167' title='bbox 976 1930 1086 1996; x_wconf 91' lang='lat' dir='ltr'><strong>partem</strong></span> 
     </span>
     <span class='ocr_line' id='line_1_23' title="bbox 96 1993 1131 2076; baseline 0.002 -23"><span class='ocrx_word' id='word_1_168' title='bbox 96 1997 137 2054; x_wconf 90' lang='lat' dir='ltr'><strong>illi</strong></span> <span class='ocrx_word' id='word_1_169' title='bbox 160 1997 299 2066; x_wconf 88' lang='lat' dir='ltr'><strong>attribuit,</strong></span> <span class='ocrx_word' id='word_1_170' title='bbox 313 2007 422 2074; x_wconf 88' lang='lat' dir='ltr'><strong>partem</strong></span> <span class='ocrx_word' id='word_1_171' title='bbox 444 1993 641 2074; x_wconf 71' lang='lat' dir='ltr'><strong>sibi&#39;reliquit</strong></span> <span class='ocrx_word' id='word_1_172' title='bbox 681 1999 753 2060; x_wconf 79' lang='lat' dir='ltr'><strong>Qut</strong></span> <span class='ocrx_word' id='word_1_173' title='bbox 771 2017 804 2056; x_wconf 91' lang='lat' dir='ltr'><strong>re</strong></span> <span class='ocrx_word' id='word_1_174' title='bbox 824 1999 951 2076; x_wconf 75' lang='lat' dir='ltr'><strong>cogniti,</strong></span> <span class='ocrx_word' id='word_1_175' title='bbox 965 1993 1131 2056; x_wconf 71' lang='lat' dir='ltr'><strong>veroin-uo</strong></span> 
     </span>
     <span class='ocr_line' id='line_1_24' title="bbox 96 2076 1138 2156; baseline 0.002 -22"><span class='ocrx_word' id='word_1_176' title='bbox 96 2077 216 2152; x_wconf 86' lang='lat' dir='ltr'><strong>getorix,</strong></span> <span class='ocrx_word' id='word_1_177' title='bbox 230 2077 364 2134; x_wconf 91' lang='lat' dir='ltr'><strong>omnibus</strong></span> <span class='ocrx_word' id='word_1_178' title='bbox 384 2077 548 2154; x_wconf 88' lang='lat' dir='ltr'><strong>interruptis</strong></span> <span class='ocrx_word' id='word_1_179' title='bbox 567 2079 629 2156; x_wconf 80' lang='lat' dir='ltr'><strong>ejuq</strong></span> <span class='ocrx_word' id='word_1_180' title='bbox 639 2077 768 2146; x_wconf 84' lang='lat' dir='ltr'><strong>fluminis</strong></span> <span class='ocrx_word' id='word_1_181' title='bbox 788 2076 932 2155; x_wconf 89' lang='lat' dir='ltr'><strong>pontibus,</strong></span> <span class='ocrx_word' id='word_1_182' title='bbox 948 2077 984 2136; x_wconf 91' lang='lat' dir='ltr'><strong>ab</strong></span> <span class='ocrx_word' id='word_1_183' title='bbox 998 2077 1086 2136; x_wconf 72' lang='lat' dir='ltr'><strong>alteri</strong></span> <span class='ocrx_word' id='word_1_184' title='bbox 1124 2097 1138 2150; x_wconf 76' lang='lat' dir='ltr'><em>J</em></span> 
     </span>
     <span class='ocr_line' id='line_1_25' title="bbox 96 2154 776 2236; baseline 0.006 -23"><span class='ocrx_word' id='word_1_185' title='bbox 96 2154 226 2213; x_wconf 83' lang='lat' dir='ltr'><strong>Elaveris</strong></span> <span class='ocrx_word' id='word_1_186' title='bbox 239 2166 319 2232; x_wconf 87' lang='lat' dir='ltr'><strong>parte</strong></span> <span class='ocrx_word' id='word_1_187' title='bbox 334 2155 387 2214; x_wconf 88' lang='lat' dir='ltr'><strong>iter</strong></span> <span class='ocrx_word' id='word_1_188' title='bbox 401 2157 495 2235; x_wconf 83' lang='lat' dir='ltr'><strong>lacere</strong></span> <span class='ocrx_word' id='word_1_189' title='bbox 509 2159 605 2236; x_wconf 75' lang='lat' dir='ltr'><strong>coepit.</strong></span> <span class='ocrx_word' id='word_1_190' title='bbox 624 2159 626 2168; x_wconf 80' lang='grc'>’</span> <span class='ocrx_word' id='word_1_191' title='bbox 767 2187 776 2197; x_wconf 68' lang='lat'><em>=</em></span> 
     </span>
     <span class='ocr_line' id='line_1_26' title="bbox 135 2233 1178 2313; baseline 0.002 -21"><span class='ocrx_word' id='word_1_192' title='bbox 135 2233 267 2292; x_wconf 88' lang='lat' dir='ltr'>XXXV.</span> <span class='ocrx_word' id='word_1_193' title='bbox 307 2235 410 2300; x_wconf 80' lang='lat' dir='ltr'><strong>Quum</strong></span> <span class='ocrx_word' id='word_1_194' title='bbox 430 2247 548 2312; x_wconf 90' lang='lat' dir='ltr'><strong>uterque</strong></span> <span class='ocrx_word' id='word_1_195' title='bbox 567 2235 679 2313; x_wconf 89' lang='lat' dir='ltr'><strong>utrique</strong></span> <span class='ocrx_word' id='word_1_196' title='bbox 702 2247 777 2296; x_wconf 91' lang='lat' dir='ltr'><strong>esset</strong></span> <span class='ocrx_word' id='word_1_197' title='bbox 800 2237 942 2296; x_wconf 85' lang='lat' dir='ltr'><strong>exercitus</strong></span> <span class='ocrx_word' id='word_1_198' title='bbox 965 2235 995 2294; x_wconf 89' lang='lat' dir='ltr'><strong>in</strong></span> <span class='ocrx_word' id='word_1_199' title='bbox 1019 2253 1087 2294; x_wconf 90' lang='lat' dir='ltr'><strong>cou-</strong></span> <span class='ocrx_word' id='word_1_200' title='bbox 1170 2265 1178 2274; x_wconf 94' lang='lat'>·</span> 
     </span>
     <span class='ocr_line' id='line_1_27' title="bbox 95 2312 1188 2392; baseline 0.002 -22"><span class='ocrx_word' id='word_1_201' title='bbox 95 2323 207 2390; x_wconf 87' lang='lat' dir='ltr'><strong>spectu,</strong></span> <span class='ocrx_word' id='word_1_202' title='bbox 232 2312 349 2389; x_wconf 74' lang='lat' dir='ltr'><strong>ferrique</strong></span> <span class='ocrx_word' id='word_1_203' title='bbox 372 2335 390 2372; x_wconf 89' lang='lat' dir='ltr'><strong>e</strong></span> <span class='ocrx_word' id='word_1_204' title='bbox 413 2315 530 2391; x_wconf 85' lang='lat' dir='ltr'><strong>regione</strong></span> <span class='ocrx_word' id='word_1_205' title='bbox 551 2317 652 2374; x_wconf 86' lang='lat' dir='ltr'><strong>castris</strong></span> <span class='ocrx_word' id='word_1_206' title='bbox 675 2329 769 2375; x_wconf 88' lang='lat' dir='ltr'><strong>castra</strong></span> <span class='ocrx_word' id='word_1_207' title='bbox 791 2326 918 2392; x_wconf 90' lang='lat' dir='ltr'><strong>poneret,</strong></span> <span class='ocrx_word' id='word_1_208' title='bbox 943 2314 1086 2392; x_wconf 89' lang='lat' dir='ltr'><strong>dispositis</strong></span> <span class='ocrx_word' id='word_1_209' title='bbox 1186 2357 1188 2364; x_wconf 76' lang='grc'>.</span> 
     </span>
     <span class='ocr_line' id='line_1_28' title="bbox 12 2392 1131 2473; baseline 0.004 -25"><span class='ocrx_word' id='word_1_210' title='bbox 12 2455 20 2468; x_wconf 36' lang='grc' dir='ltr'>ι</span> <span class='ocrx_word' id='word_1_211' title='bbox 95 2392 330 2468; x_wconf 80' lang='lat' dir='ltr'><strong>exploratoribus,</strong></span> <span class='ocrx_word' id='word_1_212' title='bbox 352 2394 459 2452; x_wconf 90' lang='lat' dir='ltr'><strong>necubi</strong></span> <span class='ocrx_word' id='word_1_213' title='bbox 471 2395 576 2454; x_wconf 83' lang='lat' dir='ltr'><strong>effecto</strong></span> <span class='ocrx_word' id='word_1_214' title='bbox 595 2406 681 2473; x_wconf 88' lang='lat' dir='ltr'><strong>ponte</strong></span> <span class='ocrx_word' id='word_1_215' title='bbox 695 2393 822 2452; x_wconf 86' lang='lat' dir='ltr'><strong>Romani</strong></span> <span class='ocrx_word' id='word_1_216' title='bbox 843 2393 940 2468; x_wconf 81' lang='lat' dir='ltr'><strong>copias</strong></span> <span class='ocrx_word' id='word_1_217' title='bbox 955 2394 1131 2452; x_wconf 70' lang='lat' dir='ltr'><strong>traduce-25</strong></span> 
     </span>
     <span class='ocr_line' id='line_1_29' title="bbox 93 2468 1085 2548; baseline 0.002 -20"><span class='ocrx_word' id='word_1_218' title='bbox 93 2481 171 2544; x_wconf 89' lang='lat' dir='ltr'><strong>rent,</strong></span> <span class='ocrx_word' id='word_1_219' title='bbox 185 2483 246 2530; x_wconf 92' lang='lat' dir='ltr'><strong>erat</strong></span> <span class='ocrx_word' id='word_1_220' title='bbox 268 2471 298 2529; x_wconf 92' lang='lat' dir='ltr'><strong>in</strong></span> <span class='ocrx_word' id='word_1_221' title='bbox 323 2473 435 2548; x_wconf 87' lang='lat' dir='ltr'><strong>magnis</strong></span> <span class='ocrx_word' id='word_1_222' title='bbox 448 2473 557 2532; x_wconf 82' lang='lat' dir='ltr'><strong>Caesari</strong></span> <span class='ocrx_word' id='word_1_223' title='bbox 580 2472 794 2532; x_wconf 88' lang='lat' dir='ltr'><strong>difficultatibus</strong></span> <span class='ocrx_word' id='word_1_224' title='bbox 814 2468 868 2536; x_wconf 79' lang='lat' dir='ltr'><strong>res,</strong></span> <span class='ocrx_word' id='word_1_225' title='bbox 889 2489 926 2526; x_wconf 92' lang='lat' dir='ltr'><strong>ne</strong></span> <span class='ocrx_word' id='word_1_226' title='bbox 949 2471 1085 2546; x_wconf 88' lang='lat' dir='ltr'><strong>majorem</strong></span> 
     </span>
     <span class='ocr_line' id='line_1_30' title="bbox 95 2547 1138 2629; baseline 0 -23"><span class='ocrx_word' id='word_1_227' title='bbox 95 2550 205 2607; x_wconf 77' lang='lat' dir='ltr'><strong>testatis</strong></span> <span class='ocrx_word' id='word_1_228' title='bbox 229 2562 339 2627; x_wconf 86' lang='lat' dir='ltr'><strong>partem</strong></span> <span class='ocrx_word' id='word_1_229' title='bbox 365 2551 484 2609; x_wconf 87' lang='lat' dir='ltr'><strong>flumine</strong></span> <span class='ocrx_word' id='word_1_230' title='bbox 508 2553 709 2629; x_wconf 88' lang='lat' dir='ltr'><strong>impediretur;</strong></span> <span class='ocrx_word' id='word_1_231' title='bbox 743 2547 820 2622; x_wconf 84' lang='lat' dir='ltr'><strong>qudd</strong></span> <span class='ocrx_word' id='word_1_232' title='bbox 846 2565 904 2603; x_wconf 86' lang='lat' dir='ltr'><strong>nou</strong></span> <span class='ocrx_word' id='word_1_233' title='bbox 931 2547 991 2604; x_wconf 80' lang='lat' dir='ltr'><strong>ferd</strong></span> <span class='ocrx_word' id='word_1_234' title='bbox 1019 2559 1085 2606; x_wconf 88' lang='lat' dir='ltr'><strong>ante</strong></span> <span class='ocrx_word' id='word_1_235' title='bbox 1131 2549 1138 2566; x_wconf 75' lang='lat'>²</span> 
     </span>
     <span class='ocr_line' id='line_1_31' title="bbox 96 2624 1085 2699; baseline -0.004 -13"><span class='ocrx_word' id='word_1_236' title='bbox 96 2638 267 2687; x_wconf 85' lang='lat' dir='ltr'><strong>autumnum</strong></span> <span class='ocrx_word' id='word_1_237' title='bbox 286 2630 390 2688; x_wconf 84' lang='lat' dir='ltr'><strong>Elaver</strong></span> <span class='ocrx_word' id='word_1_238' title='bbox 404 2631 476 2689; x_wconf 89' lang='lat' dir='ltr'><strong>vado</strong></span> <span class='ocrx_word' id='word_1_239' title='bbox 489 2632 602 2690; x_wconf 86' lang='lat' dir='ltr'><strong>transiri</strong></span> <span class='ocrx_word' id='word_1_240' title='bbox 624 2629 702 2686; x_wconf 84' lang='lat' dir='ltr'><strong>solet</strong></span> <span class='ocrx_word' id='word_1_241' title='bbox 743 2624 854 2699; x_wconf 89' lang='lat' dir='ltr'><strong>Itaque,</strong></span> <span class='ocrx_word' id='word_1_242' title='bbox 870 2643 907 2682; x_wconf 90' lang='lat' dir='ltr'><strong>ne</strong></span> <span class='ocrx_word' id='word_1_243' title='bbox 928 2624 958 2680; x_wconf 94' lang='lat' dir='ltr'><strong>id</strong></span> <span class='ocrx_word' id='word_1_244' title='bbox 972 2625 1085 2682; x_wconf 70' lang='lat' dir='ltr'><strong>aeside</strong></span> 
     </span>
     <span class='ocr_line' id='line_1_32' title="bbox 94 2702 1084 2786; baseline -0.004 -22"><span class='ocrx_word' id='word_1_245' title='bbox 94 2717 149 2776; x_wconf 90' lang='lat' dir='ltr'><strong>ret,</strong></span> <span class='ocrx_word' id='word_1_246' title='bbox 179 2707 306 2783; x_wconf 79' lang='lat' dir='ltr'><strong>sylvestri</strong></span> <span class='ocrx_word' id='word_1_247' title='bbox 332 2710 396 2768; x_wconf 85' lang='lat' dir='ltr'><strong>loco</strong></span> <span class='ocrx_word' id='word_1_248' title='bbox 422 2709 523 2768; x_wconf 86' lang='lat' dir='ltr'><strong>castris</strong></span> <span class='ocrx_word' id='word_1_249' title='bbox 554 2707 662 2786; x_wconf 89' lang='lat' dir='ltr'><strong>positis,</strong></span> <span class='ocrx_word' id='word_1_250' title='bbox 689 2724 706 2762; x_wconf 91' lang='lat' dir='ltr'><strong>e</strong></span> <span class='ocrx_word' id='word_1_251' title='bbox 731 2703 848 2780; x_wconf 85' lang='lat' dir='ltr'><strong>regione</strong></span> <span class='ocrx_word' id='word_1_252' title='bbox 874 2702 960 2760; x_wconf 89' lang='lat' dir='ltr'><strong>nnius</strong></span> <span class='ocrx_word' id='word_1_253' title='bbox 986 2721 1084 2760; x_wconf 90' lang='lat' dir='ltr'><strong>eorum</strong></span> 
     </span>
     <span class='ocr_line' id='line_1_33' title="bbox 95 2779 1196 2865; baseline -0.005 -21"><span class='ocrx_word' id='word_1_254' title='bbox 95 2785 237 2862; x_wconf 88' lang='lat' dir='ltr'><strong>pontium,</strong></span> <span class='ocrx_word' id='word_1_255' title='bbox 250 2807 322 2863; x_wconf 90' lang='lat' dir='ltr'><strong>quos</strong></span> <span class='ocrx_word' id='word_1_256' title='bbox 334 2788 554 2865; x_wconf 85' lang='lat' dir='ltr'><strong>Vercingetorix</strong></span> <span class='ocrx_word' id='word_1_257' title='bbox 573 2783 777 2843; x_wconf 87' lang='lat' dir='ltr'><strong>rescindendos</strong></span> <span class='ocrx_word' id='word_1_258' title='bbox 795 2794 953 2852; x_wconf 85' lang='lat' dir='ltr'><strong>curaverat,</strong></span> <span class='ocrx_word' id='word_1_259' title='bbox 973 2779 1148 2859; x_wconf 72' lang='lat' dir='ltr'><strong>posterclld¹</strong></span> <span class='ocrx_word' id='word_1_260' title='bbox 1187 2838 1196 2858; x_wconf 64' lang='grc'>,</span> 
     </span>
     <span class='ocr_line' id='line_1_34' title="bbox 96 2861 1085 2942; baseline -0.004 -19"><span class='ocrx_word' id='word_1_261' title='bbox 96 2866 143 2923; x_wconf 92' lang='lat' dir='ltr'><strong>die</strong></span> <span class='ocrx_word' id='word_1_262' title='bbox 158 2883 225 2924; x_wconf 91' lang='lat' dir='ltr'><strong>cum</strong></span> <span class='ocrx_word' id='word_1_263' title='bbox 240 2865 272 2923; x_wconf 95' lang='lat' dir='ltr'><strong>II</strong></span> <span class='ocrx_word' id='word_1_264' title='bbox 287 2867 446 2942; x_wconf 91' lang='lat' dir='ltr'><strong>legionibus</strong></span> <span class='ocrx_word' id='word_1_265' title='bbox 459 2869 489 2924; x_wconf 89' lang='lat' dir='ltr'><strong>in</strong></span> <span class='ocrx_word' id='word_1_266' title='bbox 502 2864 616 2924; x_wconf 86' lang='lat' dir='ltr'><strong>occulto</strong></span> <span class='ocrx_word' id='word_1_267' title='bbox 630 2862 749 2932; x_wconf 90' lang='lat' dir='ltr'><strong>restitit;</strong></span> <span class='ocrx_word' id='word_1_268' title='bbox 771 2862 895 2937; x_wconf 89' lang='lat' dir='ltr'><strong>reliquas</strong></span> <span class='ocrx_word' id='word_1_269' title='bbox 907 2861 1005 2939; x_wconf 87' lang='lat' dir='ltr'><strong>copias</strong></span> <span class='ocrx_word' id='word_1_270' title='bbox 1018 2881 1085 2920; x_wconf 88' lang='lat' dir='ltr'><strong>curn</strong></span> 
     </span>
     <span class='ocr_line' id='line_1_35' title="bbox 95 2941 1121 3022; baseline -0.004 -20"><span class='ocrx_word' id='word_1_271' title='bbox 95 2945 231 3002; x_wconf 91' lang='lat' dir='ltr'><strong>omuibus</strong></span> <span class='ocrx_word' id='word_1_272' title='bbox 249 2944 469 3022; x_wconf 86' lang='lat' dir='ltr'><strong>impedimentis,</strong></span> <span class='ocrx_word' id='word_1_273' title='bbox 488 2953 520 3000; x_wconf 93' lang='lat' dir='ltr'><strong>ut</strong></span> <span class='ocrx_word' id='word_1_274' title='bbox 538 2952 734 3009; x_wconf 88' lang='lat' dir='ltr'><strong>consueverat,</strong></span> <span class='ocrx_word' id='word_1_275' title='bbox 750 2941 837 3009; x_wconf 88' lang='lat' dir='ltr'><strong>misit,</strong></span> <span class='ocrx_word' id='word_1_276' title='bbox 859 2942 950 3016; x_wconf 89' lang='lat' dir='ltr'><strong>captis</strong></span> <span class='ocrx_word' id='word_1_277' title='bbox 970 2941 1085 3015; x_wconf 84' lang='lat' dir='ltr'><strong>quibus-</strong></span> <span class='ocrx_word' id='word_1_278' title='bbox 1117 2943 1121 2950; x_wconf 82' lang='grc'>’</span> 
     </span>
     <span class='ocr_line' id='line_1_36' title="bbox 96 3019 1083 3096; baseline -0.005 -16"><span class='ocrx_word' id='word_1_279' title='bbox 96 3024 163 3082; x_wconf 88' lang='lat' dir='ltr'><strong>dam</strong></span> <span class='ocrx_word' id='word_1_280' title='bbox 188 3023 362 3091; x_wconf 89' lang='lat' dir='ltr'><strong>cohortibus,</strong></span> <span class='ocrx_word' id='word_1_281' title='bbox 385 3021 426 3080; x_wconf 83' lang='lat' dir='ltr'><strong>uti</strong></span> <span class='ocrx_word' id='word_1_282' title='bbox 449 3040 586 3080; x_wconf 86' lang='lat' dir='ltr'><strong>numerus</strong></span> <span class='ocrx_word' id='word_1_283' title='bbox 610 3021 755 3096; x_wconf 90' lang='lat' dir='ltr'><strong>legionum</strong></span> <span class='ocrx_word' id='word_1_284' title='bbox 778 3031 910 3078; x_wconf 90' lang='lat' dir='ltr'><strong>constare</strong></span> <span class='ocrx_word' id='word_1_285' title='bbox 933 3019 1083 3076; x_wconf 90' lang='lat' dir='ltr'><strong>videretur.</strong></span> 
     </span>
     <span class='ocr_line' id='line_1_37' title="bbox 96 3098 1086 3179; baseline -0.004 -19"><span class='ocrx_word' id='word_1_286' title='bbox 96 3101 161 3171; x_wconf 87' lang='lat' dir='ltr'><strong>His,</strong></span> <span class='ocrx_word' id='word_1_287' title='bbox 174 3101 262 3179; x_wconf 83' lang='lat' dir='ltr'><strong>qudm</strong></span> <span class='ocrx_word' id='word_1_288' title='bbox 285 3099 450 3177; x_wconf 75' lang='lat' dir='ltr'><strong>longissime</strong></span> <span class='ocrx_word' id='word_1_289' title='bbox 463 3109 588 3177; x_wconf 89' lang='lat' dir='ltr'><strong>possent,</strong></span> <span class='ocrx_word' id='word_1_290' title='bbox 610 3100 742 3176; x_wconf 90' lang='lat' dir='ltr'><strong>progredi</strong></span> <span class='ocrx_word' id='word_1_291' title='bbox 752 3098 849 3175; x_wconf 84' lang='lat' dir='ltr'><strong>jussis,</strong></span> <span class='ocrx_word' id='word_1_292' title='bbox 863 3117 951 3175; x_wconf 88' lang='lat' dir='ltr'><strong>quum</strong></span> <span class='ocrx_word' id='word_1_293' title='bbox 969 3099 1029 3175; x_wconf 87' lang='lat' dir='ltr'><strong>jam</strong></span> <span class='ocrx_word' id='word_1_294' title='bbox 1049 3107 1086 3156; x_wconf 79' lang='lat' dir='ltr'><strong>eu</strong></span> 
     </span>
     <span class='ocr_line' id='line_1_38' title="bbox 94 3177 1129 3256; baseline -0.005 -18"><span class='ocrx_word' id='word_1_295' title='bbox 94 3181 152 3240; x_wconf 91' lang='lat' dir='ltr'><strong>diei</strong></span> <span class='ocrx_word' id='word_1_296' title='bbox 164 3192 294 3256; x_wconf 88' lang='lat' dir='ltr'><strong>tempore</strong></span> <span class='ocrx_word' id='word_1_297' title='bbox 303 3179 497 3254; x_wconf 87' lang='lat' dir='ltr'><strong>conjecturam</strong></span> <span class='ocrx_word' id='word_1_298' title='bbox 508 3190 633 3255; x_wconf 88' lang='lat' dir='ltr'><strong>caperet,</strong></span> <span class='ocrx_word' id='word_1_299' title='bbox 648 3178 678 3236; x_wconf 92' lang='lat' dir='ltr'><strong>in</strong></span> <span class='ocrx_word' id='word_1_300' title='bbox 688 3190 782 3238; x_wconf 87' lang='lat' dir='ltr'><strong>castra</strong></span> <span class='ocrx_word' id='word_1_301' title='bbox 794 3189 972 3256; x_wconf 88' lang='lat' dir='ltr'><strong>perventum,</strong></span> <span class='ocrx_word' id='word_1_302' title='bbox 984 3177 1084 3234; x_wconf 89' lang='lat' dir='ltr'><strong>iisdem</strong></span> <span class='ocrx_word' id='word_1_303' title='bbox 1095 3179 1129 3233; x_wconf 89' lang='grc'><strong>35</strong></span> 
     </span>
     <span class='ocr_line' id='line_1_39' title="bbox 95 3257 1085 3334; baseline -0.004 -18"><span class='ocrx_word' id='word_1_304' title='bbox 95 3259 226 3332; x_wconf 88' lang='lat' dir='ltr'><strong>sublicis,</strong></span> <span class='ocrx_word' id='word_1_305' title='bbox 250 3276 368 3334; x_wconf 87' lang='lat' dir='ltr'><strong>quarum</strong></span> <span class='ocrx_word' id='word_1_306' title='bbox 395 3277 460 3334; x_wconf 88' lang='lat' dir='ltr'><strong>pars</strong></span> <span class='ocrx_word' id='word_1_307' title='bbox 486 3257 603 3316; x_wconf 87' lang='lat' dir='ltr'><strong>inferior</strong></span> <span class='ocrx_word' id='word_1_308' title='bbox 628 3258 741 3334; x_wconf 86' lang='lat' dir='ltr'><strong>integra</strong></span> <span class='ocrx_word' id='word_1_309' title='bbox 767 3258 942 3324; x_wconf 87' lang='lat' dir='ltr'><strong>remanebat,</strong></span> <span class='ocrx_word' id='word_1_310' title='bbox 968 3266 1085 3331; x_wconf 88' lang='lat' dir='ltr'><strong>pontem</strong></span> 
     </span>
     <span class='ocr_line' id='line_1_40' title="bbox 95 3333 1085 3414; baseline -0.005 -18"><span class='ocrx_word' id='word_1_311' title='bbox 95 3339 215 3396; x_wconf 83' lang='lat' dir='ltr'><strong>relicere</strong></span> <span class='ocrx_word' id='word_1_312' title='bbox 229 3335 325 3412; x_wconf 80' lang='lat' dir='ltr'><strong>coepit</strong></span> <span class='ocrx_word' id='word_1_313' title='bbox 366 3336 506 3394; x_wconf 86' lang='lat' dir='ltr'><strong>Celeriter</strong></span> <span class='ocrx_word' id='word_1_314' title='bbox 519 3337 622 3394; x_wconf 84' lang='lat' dir='ltr'><strong>effecto</strong></span> <span class='ocrx_word' id='word_1_315' title='bbox 632 3357 728 3414; x_wconf 88' lang='lat' dir='ltr'><strong>opere,</strong></span> <span class='ocrx_word' id='word_1_316' title='bbox 742 3336 957 3414; x_wconf 85' lang='lat' dir='ltr'><strong>legionibusque</strong></span> <span class='ocrx_word' id='word_1_317' title='bbox 970 3333 1085 3391; x_wconf 88' lang='lat' dir='ltr'><strong>traduc-</strong></span> 
     </span>
     <span class='ocr_line' id='line_1_41' title="bbox 94 3412 1084 3491; baseline -0.004 -17"><span class='ocrx_word' id='word_1_318' title='bbox 94 3419 141 3484; x_wconf 90' lang='lat' dir='ltr'><strong>tis,</strong></span> <span class='ocrx_word' id='word_1_319' title='bbox 158 3427 189 3474; x_wconf 90' lang='lat' dir='ltr'><strong>et</strong></span> <span class='ocrx_word' id='word_1_320' title='bbox 208 3414 274 3474; x_wconf 89' lang='lat' dir='ltr'><strong>loco</strong></span> <span class='ocrx_word' id='word_1_321' title='bbox 293 3415 396 3473; x_wconf 87' lang='lat' dir='ltr'><strong>castris</strong></span> <span class='ocrx_word' id='word_1_322' title='bbox 416 3415 519 3473; x_wconf 90' lang='lat' dir='ltr'><strong>idoneo</strong></span> <span class='ocrx_word' id='word_1_323' title='bbox 541 3416 661 3489; x_wconf 85' lang='lat' dir='ltr'><strong>delecto,</strong></span> <span class='ocrx_word' id='word_1_324' title='bbox 682 3416 805 3491; x_wconf 88' lang='lat' dir='ltr'><strong>reliquas</strong></span> <span class='ocrx_word' id='word_1_325' title='bbox 818 3413 916 3490; x_wconf 87' lang='lat' dir='ltr'><strong>copias</strong></span> <span class='ocrx_word' id='word_1_326' title='bbox 932 3412 1084 3472; x_wconf 88' lang='lat' dir='ltr'><strong>revocavit.</strong></span> 
     </span>
     <span class='ocr_line' id='line_1_42' title="bbox 92 3490 1085 3571; baseline -0.001 -18"><span class='ocrx_word' id='word_1_327' title='bbox 92 3493 326 3571; x_wconf 83' lang='lat' dir='ltr'><strong>Vercingetorix,</strong></span> <span class='ocrx_word' id='word_1_328' title='bbox 334 3513 365 3552; x_wconf 88' lang='lat' dir='ltr'><strong>re</strong></span> <span class='ocrx_word' id='word_1_329' title='bbox 376 3494 503 3570; x_wconf 70' lang='lat' dir='ltr'><strong>cognita,</strong></span> <span class='ocrx_word' id='word_1_330' title='bbox 517 3515 554 3552; x_wconf 93' lang='lat' dir='ltr'><strong>ne</strong></span> <span class='ocrx_word' id='word_1_331' title='bbox 565 3493 666 3553; x_wconf 84' lang='lat' dir='ltr'><strong>contra</strong></span> <span class='ocrx_word' id='word_1_332' title='bbox 678 3494 939 3560; x_wconf 87' lang='lat' dir='ltr'><strong>suamvoluntatem</strong></span> <span class='ocrx_word' id='word_1_333' title='bbox 947 3490 1085 3552; x_wconf 84' lang='lat' dir='ltr'><strong>dimicare</strong></span> 
     </span>
     <span class='ocr_line' id='line_1_43' title="bbox 92 3572 1168 3653; baseline -0.005 -20"><span class='ocrx_word' id='word_1_334' title='bbox 92 3593 131 3634; x_wconf 91' lang='lat' dir='ltr'><strong>co</strong></span> <span class='ocrx_word' id='word_1_335' title='bbox 149 3583 256 3640; x_wconf 89' lang='lat' dir='ltr'><strong>eretur,</strong></span> <span class='ocrx_word' id='word_1_336' title='bbox 272 3572 386 3648; x_wconf 88' lang='lat' dir='ltr'><strong>maguis</strong></span> <span class='ocrx_word' id='word_1_337' title='bbox 399 3573 550 3631; x_wconf 87' lang='lat' dir='ltr'><strong>itineribus</strong></span> <span class='ocrx_word' id='word_1_338' title='bbox 564 3573 726 3632; x_wconf 88' lang='lat' dir='ltr'><strong>antecessit.</strong></span> <span class='ocrx_word' id='word_1_339' title='bbox 897 3629 900 3636; x_wconf 90' lang='grc'><em>,</em></span> <span class='ocrx_word' id='word_1_340' title='bbox 1096 3575 1130 3628; x_wconf 86' lang='grc'><strong>40</strong></span> <span class='ocrx_word' id='word_1_341' title='bbox 1162 3628 1168 3653; x_wconf 71' lang='lat'><strong>,</strong></span> 
     </span>
     <span class='ocr_line' id='line_1_44' title="bbox 229 3646 1159 3727; baseline 0.002 -17"><span class='ocrx_word' id='word_1_342' title='bbox 229 3650 283 3710; x_wconf 89' lang='lat' dir='ltr'><strong>VI.</strong></span> <span class='ocrx_word' id='word_1_343' title='bbox 325 3651 425 3709; x_wconf 79' lang='lat' dir='ltr'><strong>Cesar</strong></span> <span class='ocrx_word' id='word_1_344' title='bbox 451 3672 488 3710; x_wconf 87' lang='lat' dir='ltr'><strong>ex</strong></span> <span class='ocrx_word' id='word_1_345' title='bbox 510 3672 546 3711; x_wconf 90' lang='lat' dir='ltr'><strong>eo</strong></span> <span class='ocrx_word' id='word_1_346' title='bbox 570 3652 635 3712; x_wconf 85' lang='lat' dir='ltr'><strong>loco</strong></span> <span class='ocrx_word' id='word_1_347' title='bbox 660 3651 767 3727; x_wconf 90' lang='lat' dir='ltr'><strong>quintis</strong></span> <span class='ocrx_word' id='word_1_348' title='bbox 789 3648 890 3707; x_wconf 86' lang='lat' dir='ltr'><strong>castris</strong></span> <span class='ocrx_word' id='word_1_349' title='bbox 912 3650 1085 3727; x_wconf 88' lang='lat' dir='ltr'><strong>Gergoviam</strong></span> <span class='ocrx_word' id='word_1_350' title='bbox 1154 3646 1159 3655; x_wconf 82' lang='grc'>’</span> 
     </span>
     <span class='ocr_line' id='line_1_45' title="bbox 91 3729 1085 3809; baseline -0.001 -20"><span class='ocrx_word' id='word_1_351' title='bbox 91 3729 244 3809; x_wconf 89' lang='lat' dir='ltr'><strong>pervenit;</strong></span> <span class='ocrx_word' id='word_1_352' title='bbox 275 3731 456 3806; x_wconf 90' lang='lat' dir='ltr'><strong>equestrique</strong></span> <span class='ocrx_word' id='word_1_353' title='bbox 482 3731 580 3808; x_wconf 78' lang='lat' dir='ltr'><strong>prelio</strong></span> <span class='ocrx_word' id='word_1_354' title='bbox 607 3751 642 3790; x_wconf 90' lang='lat' dir='ltr'><strong>eo</strong></span> <span class='ocrx_word' id='word_1_355' title='bbox 672 3731 720 3788; x_wconf 90' lang='lat' dir='ltr'><strong>die</strong></span> <span class='ocrx_word' id='word_1_356' title='bbox 745 3729 801 3786; x_wconf 90' lang='lat' dir='ltr'><strong>levi</strong></span> <span class='ocrx_word' id='word_1_357' title='bbox 828 3729 913 3798; x_wconf 87' lang='lat' dir='ltr'><strong>sacto,</strong></span> <span class='ocrx_word' id='word_1_358' title='bbox 937 3741 1085 3806; x_wconf 83' lang='lat' dir='ltr'><strong>perspectu</strong></span> 
     </span>
     <span class='ocr_line' id='line_1_46' title="bbox 92 3808 1084 3886; baseline -0.006 -18"><span class='ocrx_word' id='word_1_359' title='bbox 92 3809 175 3868; x_wconf 89' lang='lat' dir='ltr'><strong>urbis</strong></span> <span class='ocrx_word' id='word_1_360' title='bbox 201 3808 270 3877; x_wconf 88' lang='lat' dir='ltr'><strong>situ,</strong></span> <span class='ocrx_word' id='word_1_361' title='bbox 297 3827 371 3883; x_wconf 81' lang='lat' dir='ltr'><strong>que,</strong></span> <span class='ocrx_word' id='word_1_362' title='bbox 398 3810 491 3886; x_wconf 89' lang='lat' dir='ltr'><strong>posita</strong></span> <span class='ocrx_word' id='word_1_363' title='bbox 516 3811 546 3868; x_wconf 89' lang='lat' dir='ltr'><strong>in</strong></span> <span class='ocrx_word' id='word_1_364' title='bbox 574 3809 709 3869; x_wconf 83' lang='lat' dir='ltr'><strong>altissimb</strong></span> <span class='ocrx_word' id='word_1_365' title='bbox 735 3819 842 3877; x_wconf 91' lang='lat' dir='ltr'><strong>moute,</strong></span> <span class='ocrx_word' id='word_1_366' title='bbox 865 3827 966 3868; x_wconf 88' lang='lat' dir='ltr'><strong>omnes</strong></span> <span class='ocrx_word' id='word_1_367' title='bbox 992 3808 1084 3866; x_wconf 85' lang='lat' dir='ltr'><strong>aditus</strong></span> 
     </span>
    </p>
   </div>
   <div class='ocr_carea' id='block_1_5' title="bbox 93 3883 1084 4026">
    <p class='ocr_par' dir='ltr' id='par_1_5' title="bbox 93 3883 1084 4026">
     <span class='ocr_line' id='line_1_47' title="bbox 93 3883 1084 4026; baseline -0.008 -78"><span class='ocrx_word' id='word_1_368' title='bbox 93 3888 229 3948; x_wconf 83' lang='lat' dir='ltr'><strong>difficiles</strong></span> <span class='ocrx_word' id='word_1_369' title='bbox 248 3888 385 3958; x_wconf 83' lang='lat' dir='ltr'><strong>habebat,</strong></span> <span class='ocrx_word' id='word_1_370' title='bbox 399 3888 437 4026; x_wconf 61' lang='lat' dir='ltr'><strong>dp</strong></span> <span class='ocrx_word' id='word_1_371' title='bbox 444 3889 660 4002; x_wconf 67' lang='lat' dir='ltr'><strong>pxpugnatione</strong></span> <span class='ocrx_word' id='word_1_372' title='bbox 674 3887 850 3967; x_wconf 80' lang='lat' dir='ltr'><strong>desperadt;</strong></span> <span class='ocrx_word' id='word_1_373' title='bbox 872 3888 908 3946; x_wconf 92' lang='lat' dir='ltr'><strong>de</strong></span> <span class='ocrx_word' id='word_1_374' title='bbox 920 3883 1084 3947; x_wconf 82' lang='lat' dir='ltr'><strong>obsessione</strong></span> 
     </span>
    </p>
   </div>
   <div class='ocr_carea' id='block_1_6' title="bbox 0 0 1286 4422">
    <p class='ocr_par' dir='ltr' id='par_1_6' title="bbox 0 0 1286 4422">
     <span class='ocr_line' id='line_1_48' title="bbox 0 0 1286 4422; baseline 0 0"><span class='ocrx_word' id='word_1_375' title='bbox 0 0 1286 4422; x_wconf 95' lang='lat' dir='ltr'><strong> </strong></span> 
     </span>
    </p>
   </div>
  </div>
 </body>
</html>
