2564 4422
306 271 309 282 ¹
387 307 391 310 ·
460 288 568 364 mana
582 310 729 366 smnus.
909 319 910 325 ¹
1095 325 1138 386 m

94 457 155 516 lanc
167 473 229 515 esse
243 456 408 523 arbitratus,
420 466 454 512 ut
472 453 570 516 omnia
580 465 750 532 postponere
759 454 912 528 riderem,
931 459 1087 524 emolliam

95 535 242 595 Lutetiam
255 533 432 594 Parisiorum
441 533 581 592 transfert.
622 533 760 592 Confines
773 547 856 594 erant
868 537 898 594 bi
912 539 1084 612 Senonibus,
1160 605 1163 617 q

95 613 298 690 civitatemque
311 623 427 688 patrum
441 612 577 670 memorii
590 611 816 688 conjunxerim
837 617 889 674 sed
902 617 1007 677 abhoc
1019 639 1087 680 oon·

94 688 165 751 cilio
177 693 302 753 abluisse
323 691 569 750 existimabantur.
618 691 686 748 Huc
698 711 730 750 re
750 711 801 769 pro
814 706 950 772 suggestu
962 716 1087 772 pronun·

94 770 182 839 cietd,
209 771 312 830 eodem
336 770 384 827 die
408 788 475 827 cum
497 767 659 846 legionibus
679 770 710 828 in
731 772 861 831 &nones
886 773 1084 850 proficiscitur,
1111 782 1130 836 5
1223 773 1224 776 ’

93 849 265 926 magnisque
279 849 430 907 itineribus
443 846 480 906 ed
493 847 631 924 pervenit.
1101 865 1107 874 “

119 927 190 986 ·1v.
232 927 356 1004 Cognito
365 927 576 1003 eiamadrentu,
591 927 684 994 Acco,
693 927 742 1003 qui
754 929 888 1005 princeps
897 929 960 1006 ejus
970 931 1086 990 concilii
1155 983 1159 991 .

93 1007 201 1074 fuerat,
213 1005 295 1081 jubet
313 1005 345 1064 in
357 1006 461 1082 oppida
478 1004 692 1062 multitudinem
712 1007 883 1066 convenire:
904 1009 1084 1078 conantibus,

91 1083 180 1162 prius
202 1082 288 1158 quum
320 1083 351 1140 id
375 1083 451 1142 effici
475 1093 582 1160 posset,
612 1085 713 1141 adesse
739 1084 888 1146 Romame
913 1088 1084 1146 nunciatur:
1135 1101 1140 1114 ¹

93 1159 265 1221 necessarii
287 1161 428 1220 sententia
448 1162 598 1229 desistunt,
615 1161 778 1238 legatosque
800 1166 975 1242 deprecandi
998 1168 1085 1226 coust
1097 1173 1130 1230 m
1165 1197 1168 1204 ·

94 1242 136 1300 ad
150 1240 298 1298 Caesarem
315 1239 445 1308 mittunt:
466 1242 574 1312 adeunt
586 1259 637 1317 per
659 1241 779 1310 AEducs,
793 1243 912 1318 quorum
931 1244 1086 1320 antiquitus

92 1329 160 1378 erat
172 1317 203 1376 in
225 1319 282 1376 fide
302 1318 410 1377 civitas.
451 1318 588 1376 Libenter
609 1319 707 1378 Cesar
726 1321 890 1396 petentibus
911 1323 1016 1382 AEduis
1036 1325 1086 1382 dat

54 1417 58 1424 ·
93 1397 220 1466 veniam,
254 1397 524 1474 excusationemque
552 1397 677 1474 accipit;
710 1397 787 1474 qudd
814 1401 942 1462 estivam
973 1412 1101 1478 tempus>

93 1476 229 1534 instamis
249 1476 327 1545 belli,
348 1495 408 1535 non
420 1475 585 1552 quaestionis
605 1495 668 1534 esse
690 1478 886 1537 arbitrabatur.
926 1479 1084 1540 Obsidibus

95 1555 245 1631 imperatis
267 1566 393 1623 centum,
418 1556 470 1613 hos
490 1553 595 1614 AEduis
615 1557 817 1615 custodiendos
835 1559 929 1617 tradit.
971 1559 1083 1618 Ebdcm
1095 1567 1128 1620 1⁵

94 1632 243 1692 Carnutes
275 1633 382 1710 legatos
413 1634 584 1708 obsidesque
617 1634 743 1701 mittunt,
774 1636 818 1692 usi
852 1637 1083 1711 deprecatoribus

92 1711 215 1779 Remis,
238 1729 355 1786 quorum
374 1722 457 1770 erant
479 1711 509 1768 in
533 1711 683 1769 clienteld:
704 1713 805 1768 eadem
821 1712 915 1770 ferunt
937 1733 1080 1790 responsa.
1150 1721 1154 1732 '

92 1789 216 1867 Peragit
228 1789 380 1850 concilium
394 1789 502 1857 Caesar,
513 1790 678 1865 equitesque
692 1789 812 1866 imperat
825 1789 995 1849 civitatibus.

136 1869 173 1926 V.
213 1865 282 1926 Hae
303 1879 383 1945 parte
393 1867 496 1926 Gallie
515 1869 629 1944 pacati,
643 1878 719 1925 totus
739 1879 767 1926 et
785 1879 881 1926 mente
901 1879 930 1948 et
943 1870 1039 1928 animo
1052 1869 1082 1929 iu

39 1997 42 2000 .
94 1947 203 2024 bellarm
224 1946 409 2006 Trevirorum
430 1958 460 2005 et
473 1946 782 2022 Ambiorigisinsistit.
824 1947 997 2006 Cavarinum
1015 1955 1128 2010 curum

92 2025 224 2102 equitatu
238 2026 386 2084 &nouum
397 2045 496 2084 secum
503 2025 650 2103 proficisci
657 2023 748 2102 jubet,
762 2025 937 2104 Quisnam
949 2045 985 2084 err
998 2026 1083 2104 hujus

95 2105 258 2173 iracundil,
283 2115 332 2163 aut
354 2123 392 2162 ex
414 2123 458 2172 oo,
473 2104 548 2181 quod
571 2090 722 2173 mfflrerat,
746 2104 813 2164 odio
835 2105 967 2174 civitatis,
989 2117 1083 2164 motus

94 2183 222 2242 exsistat.
264 2183 320 2241 His
340 2184 426 2241 rebus
446 2183 616 2250 constitutis,
631 2181 707 2259 qudd
720 2201 771 2260 pro
791 2183 935 2261 explorato
948 2185 1083 2257 habebat,

95 2261 296 2339 Ambiorigem
307 2261 407 2338 prelio
419 2281 478 2321 non
492 2281 554 2320 esse
565 2272 808 2338 concertaturum,
819 2264 928 2340 reliqua
940 2263 1002 2342 ejus
1015 2283 1082 2323 rou·

95 2340 534 2416 silicanimociroumspiciebac
575 2341 667 2398 Erant
675 2341 803 2417 Menapii
813 2343 962 2418 propinqui
973 2343 1127 2403 Eburo-ild

95 2437 166 2477 num
180 2419 294 2488 linibus,
308 2419 453 2497 perpetuis
468 2419 620 2496 paludibus
634 2420 774 2495 sylvisque
787 2421 900 2486 muniti,
914 2420 962 2495 qui
982 2421 1034 2478 uni
1047 2441 1083 2480 ex

93 2497 193 2556 (lauit
206 2497 242 2554 de
252 2517 323 2574 pace
338 2498 374 2555 ad
385 2497 530 2556 Caesarem
540 2498 654 2574 legatos·
662 2516 808 2572 nunquam
820 2497 966 2555 miserant.
1007 2499 1083 2556 Cum

94 2577 132 2634 iis
152 2594 217 2633 esse
243 2577 396 2652 hospitium
423 2576 585 2652 Ambiorigi
611 2576 741 2633 sciebat:
777 2575 846 2632 item
871 2593 921 2650 per
947 2574 1083 2632 Treviros

94 2654 209 2712 venmse
222 2654 375 2712 Germanis
395 2655 426 2712 iu
447 2654 613 2727 amicitiam,
628 2662 806 2728 cognoverat
848 2651 922 2710 Hec
936 2650 1021 2728 prius
1041 2650 1083 2709 issi

94 2733 275 2792 detrahenda
289 2733 395 2791 auxilia
407 2728 598 2801 existimabat,
612 2731 697 2808 quiam
718 2732 811 2808 ipsum
825 2730 899 2788 bello
911 2730 1081 2801 lacesseret;
1092 2737 1128 2792 30

96 2831 143 2880 ne,
161 2813 314 2888 desperati
335 2811 436 2879 salute,
452 2822 501 2870 aut
521 2831 552 2868 se
573 2812 603 2868 iu
626 2811 777 2887 Menapios
799 2811 924 2877 abderet,
947 2819 996 2868 aut
1016 2827 1082 2868 cum

96 2889 332 2950 Transrhenanis
345 2890 482 2971 congredi
492 2889 650 2970 cogeretur.
692 2890 758 2948 Hoc
771 2889 842 2948 inito
855 2888 984 2957 consilio,
998 2889 1084 2947 totius

95 2967 241 3028 exercitus
274 2969 479 3044 impedimenta
505 2969 541 3026 ad
575 2969 735 3028 Labienum
768 2967 799 3025 in
826 2967 961 3025 Treviros
978 2967 1082 3035 mittit,
1112 2979 1118 2988 '

96 3048 224 3124 duasque
238 3047 367 3124 legiones
378 3049 413 3105 ad
424 3067 491 3106 eum
500 3047 643 3123 proficisci
654 3047 753 3122 jubet:
775 3047 835 3122 ipse
845 3065 912 3103 cum
923 3045 1084 3121 legionibus

96 3127 237 3202 expeditis
247 3125 373 3201 quinque
383 3126 413 3183 in
424 3125 575 3201 Menapios
585 3125 781 3204 proficiscitur.
822 3123 879 3194 llli,
894 3123 973 3183 nulli
983 3126 1084 3184 coactu
1093 3133 1129 3187 ab

96 3223 193 3275 manu,
216 3204 274 3263 loci
295 3204 427 3280 praesidio
448 3204 522 3272 freti,
545 3203 574 3261 in
598 3205 690 3280 sylvas
709 3204 883 3282 paludesque
904 3203 1082 3278 confugiunt,

96 3301 203 3360 suaque
217 3281 323 3341 eddem
336 3283 495 3346 conserunt
906 3323 908 3330 κ

134 3362 190 3419 VI.
233 3361 342 3428 Cesar,
363 3362 474 3437 partitis
495 3361 585 3437 copiis
607 3379 675 3418 cum
698 3361 732 3419 C.
755 3360 846 3419 Fabio
866 3359 969 3432 legato,
991 3366 1020 3413 et
1041 3354 1082 3414 M.

95 3441 202 3498 Crasso
215 3451 365 3516 questore,
380 3440 566 3514 celeriterque
579 3440 689 3497 effectis
702 3440 846 3515 pontibus,
862 3436 919 3494 adit
932 3433 1083 3509 tripartitd,
1156 3473 1158 3478 -

95 3518 221 3576 aedilicia
243 3517 378 3594 vicosque
401 3517 540 3586 incendit,
564 3537 670 3594 magno
695 3517 806 3594 pecoris
829 3524 912 3586 atque
936 3513 1129 3577 hominunm

6 3617 7 3636 ³
94 3607 218 3655 nurnero
238 3597 355 3674 potitur.
395 3597 512 3659 Quibus
535 3597 619 3655 rebus
642 3595 735 3654 coacti
757 3591 895 3668 Menapii,
917 3591 1027 3670 legatos
1048 3595 1084 3652 ad

92 3693 177 3741 eum,
190 3675 268 3750 pacis
281 3676 413 3752 petendae
427 3675 525 3743 causi,
539 3675 662 3734 mittunt.
703 3671 766 3745 Ille,
779 3670 927 3753 obsidibus
948 3673 1082 3748 acceptis,

94 3751 222 3812 bostium
240 3773 271 3814 se
285 3751 450 3812 habiturum
463 3773 582 3812 numero
595 3753 753 3818 confirmat,
774 3750 799 3808 si
813 3760 862 3808 aut
875 3751 1082 3826 Ambiorigem,

93 3842 147 3890 aut
168 3831 229 3908 ejus
252 3831 372 3912 lagatos,
396 3831 502 3890 finibus
522 3833 580 3891 suis
603 3827 784 3904 recepissent.
835 3828 890 3894 His
911 3825 1083 3887 confirmatis

359 3911 381 3968 8
