<?xml version="1.0" encoding="UTF-8"?>
<!DOCTYPE html PUBLIC "-//W3C//DTD XHTML 1.0 Transitional//EN"
    "http://www.w3.org/TR/xhtml1/DTD/xhtml1-transitional.dtd">
<html xmlns="http://www.w3.org/1999/xhtml" xml:lang="en" lang="en">
 <head>
  <title>
</title>
<meta http-equiv="Content-Type" content="text/html;charset=utf-8" />
  <meta name='ocr-system' content='tesseract 3.04.00' />
  <meta name='ocr-capabilities' content='ocr_page ocr_carea ocr_par ocr_line ocrx_word'/>
</head>
<body>
  <div class='ocr_page' id='page_1' title='image "./commentariidebe00levegoog_0151.png"; bbox 0 0 2564 4422; ppageno 0'>
   <div class='ocr_carea' id='block_1_1' title="bbox 164 355 884 422">
    <p class='ocr_par' dir='ltr' id='par_1_1' title="bbox 164 355 884 422">
     <span class='ocr_line' id='line_1_1' title="bbox 164 355 884 422; baseline -0.007 -11"><span class='ocrx_word' id='word_1_1' title='bbox 164 361 220 422; x_wconf 73' lang='grc'><strong>140</strong></span> <span class='ocrx_word' id='word_1_2' title='bbox 527 357 576 408; x_wconf 75' lang='lat' dir='ltr'><strong>DE</strong></span> <span class='ocrx_word' id='word_1_3' title='bbox 592 355 709 408; x_wconf 79' lang='lat' dir='ltr'><strong>BELLO</strong></span> <span class='ocrx_word' id='word_1_4' title='bbox 720 355 884 411; x_wconf 67' lang='lat' dir='ltr'><strong>GAlalslGG</strong></span> 
     </span>
    </p>
   </div>
   <div class='ocr_carea' id='block_1_2' title="bbox 113 494 1270 3938">
    <p class='ocr_par' dir='ltr' id='par_1_2' title="bbox 184 494 1202 1200">
     <span class='ocr_line' id='line_1_2' title="bbox 209 494 1189 578; baseline -0.004 -20"><span class='ocrx_word' id='word_1_5' title='bbox 209 517 326 576; x_wconf 88' lang='lat' dir='ltr'><strong>operum</strong></span> <span class='ocrx_word' id='word_1_6' title='bbox 349 497 576 578; x_wconf 84' lang='lat' dir='ltr'><strong>magnitudinem</strong></span> <span class='ocrx_word' id='word_1_7' title='bbox 599 510 628 558; x_wconf 90' lang='lat' dir='ltr'><strong>et</strong></span> <span class='ocrx_word' id='word_1_8' title='bbox 648 500 778 559; x_wconf 90' lang='lat' dir='ltr'><strong>timorem</strong></span> <span class='ocrx_word' id='word_1_9' title='bbox 799 515 882 555; x_wconf 88' lang='lat' dir='ltr'><strong>suum</strong></span> <span class='ocrx_word' id='word_1_10' title='bbox 902 496 1032 572; x_wconf 86' lang='lat' dir='ltr'><strong>sperabat</strong></span> <span class='ocrx_word' id='word_1_11' title='bbox 1056 494 1189 554; x_wconf 80' lang='lat' dir='ltr'><strong>fiduciam</strong></span> 
     </span>
     <span class='ocr_line' id='line_1_3' title="bbox 209 573 1190 653; baseline -0.003 -20"><span class='ocrx_word' id='word_1_12' title='bbox 209 577 338 634; x_wconf 88' lang='lat' dir='ltr'><strong>barbaris</strong></span> <span class='ocrx_word' id='word_1_13' title='bbox 365 577 535 648; x_wconf 84' lang='lat' dir='ltr'><strong>allaturum3</strong></span> <span class='ocrx_word' id='word_1_14' title='bbox 567 590 606 646; x_wconf 89' lang='lat' dir='ltr'><strong>et,</strong></span> <span class='ocrx_word' id='word_1_15' title='bbox 632 595 719 653; x_wconf 91' lang='lat' dir='ltr'><strong>quum</strong></span> <span class='ocrx_word' id='word_1_16' title='bbox 745 576 911 652; x_wconf 88' lang='lat' dir='ltr'><strong>pabulatum</strong></span> <span class='ocrx_word' id='word_1_17' title='bbox 934 573 1190 648; x_wconf 85' lang='lat' dir='ltr'><strong>frumentatumque</strong></span> 
     </span>
     <span class='ocr_line' id='line_1_4' title="bbox 209 651 1190 732; baseline -0.002 -20"><span class='ocrx_word' id='word_1_18' title='bbox 209 653 324 731; x_wconf 74' lang='lat' dir='ltr'><strong>longius</strong></span> <span class='ocrx_word' id='word_1_19' title='bbox 341 667 416 714; x_wconf 85' lang='lat' dir='ltr'><strong>esset</strong></span> <span class='ocrx_word' id='word_1_20' title='bbox 435 656 683 732; x_wconf 82' lang='lat' dir='ltr'><strong>proficiscendum,</strong></span> <span class='ocrx_word' id='word_1_21' title='bbox 696 653 790 730; x_wconf 85' lang='lat' dir='ltr'><strong>parvis</strong></span> <span class='ocrx_word' id='word_1_22' title='bbox 810 651 900 728; x_wconf 87' lang='lat' dir='ltr'><strong>copiis</strong></span> <span class='ocrx_word' id='word_1_23' title='bbox 920 663 1015 710; x_wconf 84' lang='lat' dir='ltr'><strong>cestra</strong></span> <span class='ocrx_word' id='word_1_24' title='bbox 1034 651 1190 710; x_wconf 86' lang='lat' dir='ltr'><strong>munitione</strong></span> 
     </span>
     <span class='ocr_line' id='line_1_5' title="bbox 211 730 1190 810; baseline -0.002 -20"><span class='ocrx_word' id='word_1_25' title='bbox 211 733 272 810; x_wconf 74' lang='lat' dir='ltr'><strong>ipsi</strong></span> <span class='ocrx_word' id='word_1_26' title='bbox 285 733 400 792; x_wconf 90' lang='lat' dir='ltr'><strong>videbat</strong></span> <span class='ocrx_word' id='word_1_27' title='bbox 415 753 498 810; x_wconf 88' lang='lat' dir='ltr'><strong>posse</strong></span> <span class='ocrx_word' id='word_1_28' title='bbox 511 734 634 791; x_wconf 86' lang='lat' dir='ltr'><strong>defendi.</strong></span> <span class='ocrx_word' id='word_1_29' title='bbox 647 753 649 766; x_wconf 90' lang='grc'><strong><em>·</em></strong></span> <span class='ocrx_word' id='word_1_30' title='bbox 675 730 804 799; x_wconf 80' lang='lat' dir='ltr'><strong>Interim,</strong></span> <span class='ocrx_word' id='word_1_31' title='bbox 819 731 920 788; x_wconf 90' lang='lat' dir='ltr'><strong>crebro</strong></span> <span class='ocrx_word' id='word_1_32' title='bbox 938 730 1040 806; x_wconf 87' lang='lat' dir='ltr'><strong>paucis</strong></span> <span class='ocrx_word' id='word_1_33' title='bbox 1053 730 1190 806; x_wconf 81' lang='lat' dir='ltr'><strong>utrimque</strong></span> 
     </span>
     <span class='ocr_line' id='line_1_6' title="bbox 184 808 1190 892; baseline -0.003 -24"><span class='ocrx_word' id='word_1_34' title='bbox 184 812 450 887; x_wconf 85' lang='lat' dir='ltr'><strong>5procurrentibus,</strong></span> <span class='ocrx_word' id='word_1_35' title='bbox 465 811 537 870; x_wconf 86' lang='lat' dir='ltr'><strong>inter</strong></span> <span class='ocrx_word' id='word_1_36' title='bbox 551 812 620 869; x_wconf 90' lang='lat' dir='ltr'><strong>bina</strong></span> <span class='ocrx_word' id='word_1_37' title='bbox 639 821 733 868; x_wconf 90' lang='lat' dir='ltr'><strong>castra</strong></span> <span class='ocrx_word' id='word_1_38' title='bbox 745 809 849 892; x_wconf 85' lang='lat' dir='ltr'><strong>palude</strong></span> <span class='ocrx_word' id='word_1_39' title='bbox 867 808 1026 884; x_wconf 75' lang='lat' dir='ltr'><strong>interjecti,</strong></span> <span class='ocrx_word' id='word_1_40' title='bbox 1041 810 1190 866; x_wconf 87' lang='lat' dir='ltr'><strong>contende·</strong></span> 
     </span>
     <span class='ocr_line' id='line_1_7' title="bbox 211 886 1202 966; baseline -0.002 -20"><span class='ocrx_word' id='word_1_41' title='bbox 211 890 312 947; x_wconf 86' lang='lat' dir='ltr'><strong>batur:</strong></span> <span class='ocrx_word' id='word_1_42' title='bbox 332 909 417 966; x_wconf 89' lang='lat' dir='ltr'><strong>quam</strong></span> <span class='ocrx_word' id='word_1_43' title='bbox 427 900 523 946; x_wconf 89' lang='lat' dir='ltr'><strong>tamen</strong></span> <span class='ocrx_word' id='word_1_44' title='bbox 542 891 676 966; x_wconf 79' lang='lat' dir='ltr'><strong>paludem</strong></span> <span class='ocrx_word' id='word_1_45' title='bbox 690 905 894 963; x_wconf 87' lang='lat' dir='ltr'><strong>nonnunquam</strong></span> <span class='ocrx_word' id='word_1_46' title='bbox 909 897 957 944; x_wconf 90' lang='lat' dir='ltr'><strong>aut</strong></span> <span class='ocrx_word' id='word_1_47' title='bbox 977 897 1076 944; x_wconf 87' lang='lat' dir='ltr'><strong>nostra</strong></span> <span class='ocrx_word' id='word_1_48' title='bbox 1090 886 1202 966; x_wconf 80' lang='lat' dir='ltr'><strong>auxilia¹</strong></span> 
     </span>
     <span class='ocr_line' id='line_1_8' title="bbox 210 963 1189 1043; baseline -0.003 -17"><span class='ocrx_word' id='word_1_49' title='bbox 210 968 356 1026; x_wconf 82' lang='lat' dir='ltr'><strong>Gallorum</strong></span> <span class='ocrx_word' id='word_1_50' title='bbox 369 968 633 1043; x_wconf 82' lang='lat' dir='ltr'><strong>Germanorumque</strong></span> <span class='ocrx_word' id='word_1_51' title='bbox 653 967 821 1034; x_wconf 78' lang='lat' dir='ltr'><strong>transibant,</strong></span> <span class='ocrx_word' id='word_1_52' title='bbox 836 963 985 1040; x_wconf 78' lang='lat' dir='ltr'><strong>acriisque</strong></span> <span class='ocrx_word' id='word_1_53' title='bbox 1006 966 1105 1022; x_wconf 87' lang='lat' dir='ltr'><strong>hostes</strong></span> <span class='ocrx_word' id='word_1_54' title='bbox 1122 965 1189 1023; x_wconf 88' lang='lat' dir='ltr'><strong>inse·</strong></span> 
     </span>
     <span class='ocr_line' id='line_1_9' title="bbox 210 1043 1189 1121; baseline 0 -19"><span class='ocrx_word' id='word_1_55' title='bbox 210 1047 386 1121; x_wconf 89' lang='lat' dir='ltr'><strong>quebantur;</strong></span> <span class='ocrx_word' id='word_1_56' title='bbox 409 1056 458 1103; x_wconf 88' lang='lat' dir='ltr'><strong>aut</strong></span> <span class='ocrx_word' id='word_1_57' title='bbox 471 1045 596 1104; x_wconf 86' lang='lat' dir='ltr'><strong>vicissim</strong></span> <span class='ocrx_word' id='word_1_58' title='bbox 620 1047 723 1113; x_wconf 89' lang='lat' dir='ltr'><strong>hostes,</strong></span> <span class='ocrx_word' id='word_1_59' title='bbox 745 1044 866 1102; x_wconf 82' lang='lat' dir='ltr'><strong>eandem</strong></span> <span class='ocrx_word' id='word_1_60' title='bbox 884 1043 1063 1118; x_wconf 80' lang='lat' dir='ltr'><strong>transgressi,</strong></span> <span class='ocrx_word' id='word_1_61' title='bbox 1085 1055 1189 1102; x_wconf 85' lang='lat' dir='ltr'><strong>nostros</strong></span> 
     </span>
     <span class='ocr_line' id='line_1_10' title="bbox 210 1121 1191 1200; baseline -0.001 -19"><span class='ocrx_word' id='word_1_62' title='bbox 210 1121 324 1200; x_wconf 75' lang='lat' dir='ltr'><strong>longius</strong></span> <span class='ocrx_word' id='word_1_63' title='bbox 339 1124 552 1182; x_wconf 84' lang='lat' dir='ltr'><strong>submovebant.</strong></span> <span class='ocrx_word' id='word_1_64' title='bbox 593 1124 755 1182; x_wconf 80' lang='lat' dir='ltr'><strong>Accidebat</strong></span> <span class='ocrx_word' id='word_1_65' title='bbox 778 1133 872 1180; x_wconf 88' lang='lat' dir='ltr'><strong>autem</strong></span> <span class='ocrx_word' id='word_1_66' title='bbox 885 1121 1059 1197; x_wconf 83' lang='lat' dir='ltr'><strong>quotidianis</strong></span> <span class='ocrx_word' id='word_1_67' title='bbox 1079 1123 1191 1198; x_wconf 85' lang='lat' dir='ltr'><strong>pabula-</strong></span> 
     </span>
    </p>

    <p class='ocr_par' dir='ltr' id='par_1_3' title="bbox 164 1199 1192 1590">
     <span class='ocr_line' id='line_1_11' title="bbox 164 1199 1190 1280; baseline 0 -21"><span class='ocrx_word' id='word_1_68' title='bbox 164 1205 198 1259; x_wconf 88' lang='grc'><strong>10</strong></span> <span class='ocrx_word' id='word_1_69' title='bbox 211 1201 345 1270; x_wconf 86' lang='lat' dir='ltr'><strong>tionibus,</strong></span> <span class='ocrx_word' id='word_1_70' title='bbox 369 1203 411 1280; x_wconf 92' lang='lat' dir='ltr'><strong>(id</strong></span> <span class='ocrx_word' id='word_1_71' title='bbox 425 1204 504 1278; x_wconf 90' lang='lat' dir='ltr'><strong>quod</strong></span> <span class='ocrx_word' id='word_1_72' title='bbox 526 1203 657 1260; x_wconf 86' lang='lat' dir='ltr'><strong>accidere</strong></span> <span class='ocrx_word' id='word_1_73' title='bbox 672 1211 733 1258; x_wconf 89' lang='lat' dir='ltr'><strong>erat</strong></span> <span class='ocrx_word' id='word_1_74' title='bbox 750 1219 878 1268; x_wconf 86' lang='lat' dir='ltr'><strong>necesse,</strong></span> <span class='ocrx_word' id='word_1_75' title='bbox 899 1219 987 1275; x_wconf 91' lang='lat' dir='ltr'><strong>quum</strong></span> <span class='ocrx_word' id='word_1_76' title='bbox 1006 1199 1078 1258; x_wconf 87' lang='lat' dir='ltr'><strong>raris</strong></span> <span class='ocrx_word' id='word_1_77' title='bbox 1094 1201 1190 1277; x_wconf 87' lang='lat' dir='ltr'><strong>disjec-</strong></span> 
     </span>
     <span class='ocr_line' id='line_1_12' title="bbox 212 1277 1192 1356; baseline -0.002 -18"><span class='ocrx_word' id='word_1_78' title='bbox 212 1280 302 1356; x_wconf 86' lang='lat' dir='ltr'><strong>tisque</strong></span> <span class='ocrx_word' id='word_1_79' title='bbox 320 1300 356 1338; x_wconf 86' lang='lat' dir='ltr'><strong>ex</strong></span> <span class='ocrx_word' id='word_1_80' title='bbox 370 1281 497 1338; x_wconf 74' lang='lat' dir='ltr'><strong>edificiis</strong></span> <span class='ocrx_word' id='word_1_81' title='bbox 510 1280 645 1355; x_wconf 90' lang='lat' dir='ltr'><strong>pabulum</strong></span> <span class='ocrx_word' id='word_1_82' title='bbox 666 1277 904 1356; x_wconf 60' lang='lat' dir='ltr'><strong>conquireretur)</strong></span> <span class='ocrx_word' id='word_1_83' title='bbox 923 1289 955 1335; x_wconf 91' lang='lat' dir='ltr'><strong>ut</strong></span> <span class='ocrx_word' id='word_1_84' title='bbox 968 1278 1114 1354; x_wconf 88' lang='lat' dir='ltr'><strong>impeditis</strong></span> <span class='ocrx_word' id='word_1_85' title='bbox 1125 1279 1192 1338; x_wconf 91' lang='lat' dir='ltr'><strong>locis</strong></span> 
     </span>
     <span class='ocr_line' id='line_1_13' title="bbox 211 1356 1192 1433; baseline 0.003 -20"><span class='ocrx_word' id='word_1_86' title='bbox 211 1357 329 1432; x_wconf 88' lang='lat' dir='ltr'><strong>dispersi</strong></span> <span class='ocrx_word' id='word_1_87' title='bbox 342 1358 522 1433; x_wconf 74' lang='lat' dir='ltr'><strong>pabulatores</strong></span> <span class='ocrx_word' id='word_1_88' title='bbox 535 1356 823 1414; x_wconf 82' lang='lat' dir='ltr'><strong>circumvenirentur:</strong></span> <span class='ocrx_word' id='word_1_89' title='bbox 844 1375 907 1432; x_wconf 82' lang='lat' dir='ltr'><strong>quae</strong></span> <span class='ocrx_word' id='word_1_90' title='bbox 921 1375 966 1413; x_wconf 89' lang='lat' dir='ltr'><strong>res</strong></span> <span class='ocrx_word' id='word_1_91' title='bbox 983 1356 1035 1414; x_wconf 87' lang='lat' dir='ltr'><strong>etsi</strong></span> <span class='ocrx_word' id='word_1_92' title='bbox 1048 1357 1192 1416; x_wconf 85' lang='lat' dir='ltr'><strong>mediocre</strong></span> 
     </span>
     <span class='ocr_line' id='line_1_14' title="bbox 211 1433 1192 1510; baseline 0.005 -21"><span class='ocrx_word' id='word_1_93' title='bbox 211 1433 412 1490; x_wconf 85' lang='lat' dir='ltr'><strong>detrimentum</strong></span> <span class='ocrx_word' id='word_1_94' title='bbox 420 1435 611 1510; x_wconf 87' lang='lat' dir='ltr'><strong>jumentorum</strong></span> <span class='ocrx_word' id='word_1_95' title='bbox 626 1453 660 1492; x_wconf 89' lang='lat' dir='ltr'><strong>ac</strong></span> <span class='ocrx_word' id='word_1_96' title='bbox 671 1453 814 1492; x_wconf 89' lang='lat' dir='ltr'><strong>servorum</strong></span> <span class='ocrx_word' id='word_1_97' title='bbox 828 1434 931 1492; x_wconf 90' lang='lat' dir='ltr'><strong>nostris</strong></span> <span class='ocrx_word' id='word_1_98' title='bbox 942 1434 1086 1502; x_wconf 81' lang='lat' dir='ltr'><strong>afferebat,</strong></span> <span class='ocrx_word' id='word_1_99' title='bbox 1097 1445 1192 1494; x_wconf 88' lang='lat' dir='ltr'><strong>tamen</strong></span> 
     </span>
     <span class='ocr_line' id='line_1_15' title="bbox 211 1511 1191 1590; baseline 0.002 -22"><span class='ocrx_word' id='word_1_100' title='bbox 211 1511 310 1568; x_wconf 89' lang='lat' dir='ltr'><strong>stultas</strong></span> <span class='ocrx_word' id='word_1_101' title='bbox 330 1511 517 1587; x_wconf 86' lang='lat' dir='ltr'><strong>cogitationes</strong></span> <span class='ocrx_word' id='word_1_102' title='bbox 539 1513 676 1570; x_wconf 88' lang='lat' dir='ltr'><strong>incitabat</strong></span> <span class='ocrx_word' id='word_1_103' title='bbox 699 1513 901 1582; x_wconf 84' lang='lat' dir='ltr'><strong>barbarorum3</strong></span> <span class='ocrx_word' id='word_1_104' title='bbox 931 1513 1013 1588; x_wconf 89' lang='lat' dir='ltr'><strong>atque</strong></span> <span class='ocrx_word' id='word_1_105' title='bbox 1033 1511 1070 1570; x_wconf 82' lang='lat' dir='ltr'><strong>ed</strong></span> <span class='ocrx_word' id='word_1_106' title='bbox 1091 1513 1191 1590; x_wconf 85' lang='lat' dir='ltr'><strong>magis,</strong></span> 
     </span>
    </p>

    <p class='ocr_par' dir='ltr' id='par_1_4' title="bbox 164 1586 1270 1900">
     <span class='ocr_line' id='line_1_16' title="bbox 164 1586 1270 1667; baseline 0.005 -21"><span class='ocrx_word' id='word_1_107' title='bbox 164 1592 198 1646; x_wconf 88' lang='grc'><strong>15</strong></span> <span class='ocrx_word' id='word_1_108' title='bbox 211 1586 287 1664; x_wconf 75' lang='lat' dir='ltr'><strong>quod</strong></span> <span class='ocrx_word' id='word_1_109' title='bbox 314 1589 472 1658; x_wconf 84' lang='lat' dir='ltr'><strong>Commius,</strong></span> <span class='ocrx_word' id='word_1_110' title='bbox 498 1610 583 1666; x_wconf 91' lang='lat' dir='ltr'><strong>quem</strong></span> <span class='ocrx_word' id='word_1_111' title='bbox 608 1591 766 1667; x_wconf 83' lang='lat' dir='ltr'><strong>proiectum</strong></span> <span class='ocrx_word' id='word_1_112' title='bbox 793 1591 829 1648; x_wconf 87' lang='lat' dir='ltr'><strong>ad</strong></span> <span class='ocrx_word' id='word_1_113' title='bbox 855 1590 961 1650; x_wconf 83' lang='lat' dir='ltr'><strong>auxilia</strong></span> <span class='ocrx_word' id='word_1_114' title='bbox 986 1591 1193 1650; x_wconf 85' lang='lat' dir='ltr'><strong>Germanorum</strong></span> <span class='ocrx_word' id='word_1_115' title='bbox 1269 1603 1270 1608; x_wconf 77' lang='grc'>’</span> 
     </span>
     <span class='ocr_line' id='line_1_17' title="bbox 213 1668 1193 1744; baseline 0.003 -18"><span class='ocrx_word' id='word_1_116' title='bbox 213 1668 383 1726; x_wconf 85' lang='lat' dir='ltr'><strong>arcessenda</strong></span> <span class='ocrx_word' id='word_1_117' title='bbox 395 1669 491 1737; x_wconf 88' lang='lat' dir='ltr'><strong>docui,</strong></span> <span class='ocrx_word' id='word_1_118' title='bbox 506 1688 572 1728; x_wconf 91' lang='lat' dir='ltr'><strong>cum</strong></span> <span class='ocrx_word' id='word_1_119' title='bbox 585 1669 727 1744; x_wconf 89' lang='lat' dir='ltr'><strong>equitibus</strong></span> <span class='ocrx_word' id='word_1_120' title='bbox 737 1679 868 1728; x_wconf 90' lang='lat' dir='ltr'><strong>venerat:</strong></span> <span class='ocrx_word' id='word_1_121' title='bbox 888 1669 937 1744; x_wconf 90' lang='lat' dir='ltr'><strong>qui</strong></span> <span class='ocrx_word' id='word_1_122' title='bbox 951 1670 1064 1728; x_wconf 89' lang='lat' dir='ltr'><strong>tametsi</strong></span> <span class='ocrx_word' id='word_1_123' title='bbox 1078 1689 1193 1729; x_wconf 89' lang='lat' dir='ltr'><strong>numero</strong></span> 
     </span>
     <span class='ocr_line' id='line_1_18' title="bbox 212 1746 1270 1824; baseline 0.006 -21"><span class='ocrx_word' id='word_1_124' title='bbox 212 1764 270 1804; x_wconf 91' lang='lat' dir='ltr'><strong>non</strong></span> <span class='ocrx_word' id='word_1_125' title='bbox 294 1746 415 1822; x_wconf 78' lang='lat' dir='ltr'><strong>amplius</strong></span> <span class='ocrx_word' id='word_1_126' title='bbox 437 1757 520 1805; x_wconf 89' lang='lat' dir='ltr'><strong>erant</strong></span> <span class='ocrx_word' id='word_1_127' title='bbox 542 1747 700 1824; x_wconf 87' lang='lat' dir='ltr'><strong>quingenti,</strong></span> <span class='ocrx_word' id='word_1_128' title='bbox 724 1759 819 1806; x_wconf 83' lang='lat' dir='ltr'><strong>tamen</strong></span> <span class='ocrx_word' id='word_1_129' title='bbox 840 1747 1050 1806; x_wconf 86' lang='lat' dir='ltr'><strong>Germanorum</strong></span> <span class='ocrx_word' id='word_1_130' title='bbox 1073 1749 1192 1808; x_wconf 87' lang='lat' dir='ltr'><strong>adventu</strong></span> <span class='ocrx_word' id='word_1_131' title='bbox 1269 1801 1270 1808; x_wconf 71' lang='grc'>,</span> 
     </span>
     <span class='ocr_line' id='line_1_19' title="bbox 213 1824 612 1900; baseline 0.018 -21"><span class='ocrx_word' id='word_1_132' title='bbox 213 1824 326 1884; x_wconf 84' lang='lat' dir='ltr'><strong>barbari</strong></span> <span class='ocrx_word' id='word_1_133' title='bbox 340 1825 519 1900; x_wconf 83' lang='lat' dir='ltr'><strong>inflabantur.</strong></span> <span class='ocrx_word' id='word_1_134' title='bbox 609 1891 612 1894; x_wconf 64' lang='grc'><strong>,</strong></span> 
     </span>
    </p>

    <p class='ocr_par' dir='ltr' id='par_1_5' title="bbox 252 1903 1193 1982">
     <span class='ocr_line' id='line_1_20' title="bbox 252 1903 1193 1982; baseline 0.004 -23"><span class='ocrx_word' id='word_1_135' title='bbox 252 1903 306 1960; x_wconf 88' lang='lat' dir='ltr'><strong>XI.</strong></span> <span class='ocrx_word' id='word_1_136' title='bbox 349 1904 455 1971; x_wconf 80' lang='lat' dir='ltr'><strong>Casar,</strong></span> <span class='ocrx_word' id='word_1_137' title='bbox 469 1923 556 1980; x_wconf 89' lang='lat' dir='ltr'><strong>quum</strong></span> <span class='ocrx_word' id='word_1_138' title='bbox 577 1904 709 1978; x_wconf 39' lang='lat' dir='ltr'><strong>animum,</strong></span> <span class='ocrx_word' id='word_1_139' title='bbox 725 1903 891 1972; x_wconf 82' lang='lat' dir='ltr'><strong>adverteret,</strong></span> <span class='ocrx_word' id='word_1_140' title='bbox 905 1903 1016 1962; x_wconf 87' lang='lat' dir='ltr'><strong>hostem</strong></span> <span class='ocrx_word' id='word_1_141' title='bbox 1036 1905 1193 1982; x_wconf 82' lang='lat' dir='ltr'><strong>complures</strong></span> 
     </span>
    </p>

    <p class='ocr_par' dir='ltr' id='par_1_6' title="bbox 164 1979 1193 2372">
     <span class='ocr_line' id='line_1_21' title="bbox 164 1979 1193 2060; baseline 0.001 -20"><span class='ocrx_word' id='word_1_142' title='bbox 164 1987 199 2040; x_wconf 74' lang='lat'><strong>20</strong></span> <span class='ocrx_word' id='word_1_143' title='bbox 213 1979 274 2038; x_wconf 88' lang='lat' dir='ltr'><strong>diss</strong></span> <span class='ocrx_word' id='word_1_144' title='bbox 295 1982 521 2058; x_wconf 73' lang='lat' dir='ltr'><strong>castriapalude</strong></span> <span class='ocrx_word' id='word_1_145' title='bbox 535 1993 564 2040; x_wconf 90' lang='lat' dir='ltr'><strong>et</strong></span> <span class='ocrx_word' id='word_1_146' title='bbox 583 1982 639 2040; x_wconf 88' lang='lat' dir='ltr'><strong>loci</strong></span> <span class='ocrx_word' id='word_1_147' title='bbox 652 1983 754 2040; x_wconf 76' lang='lat' dir='ltr'><strong>naturai</strong></span> <span class='ocrx_word' id='word_1_148' title='bbox 774 1981 900 2049; x_wconf 91' lang='lat' dir='ltr'><strong>munitis,</strong></span> <span class='ocrx_word' id='word_1_149' title='bbox 915 2001 945 2039; x_wconf 91' lang='lat' dir='ltr'><strong>se</strong></span> <span class='ocrx_word' id='word_1_150' title='bbox 965 1989 1083 2053; x_wconf 74' lang='lat' dir='ltr'><strong>tenere3</strong></span> <span class='ocrx_word' id='word_1_151' title='bbox 1104 2002 1193 2060; x_wconf 88' lang='lat' dir='ltr'><strong>neque</strong></span> 
     </span>
     <span class='ocr_line' id='line_1_22' title="bbox 212 2059 1192 2136; baseline 0.005 -21"><span class='ocrx_word' id='word_1_152' title='bbox 212 2061 370 2134; x_wconf 84' lang='lat' dir='ltr'><strong>oppugnari</strong></span> <span class='ocrx_word' id='word_1_153' title='bbox 396 2070 489 2116; x_wconf 88' lang='lat' dir='ltr'><strong>castra</strong></span> <span class='ocrx_word' id='word_1_154' title='bbox 513 2065 612 2118; x_wconf 86' lang='lat' dir='ltr'><strong>eorum</strong></span> <span class='ocrx_word' id='word_1_155' title='bbox 638 2060 700 2117; x_wconf 91' lang='lat' dir='ltr'><strong>sine</strong></span> <span class='ocrx_word' id='word_1_156' title='bbox 726 2060 909 2118; x_wconf 76' lang='lat' dir='ltr'><strong>dimicatione</strong></span> <span class='ocrx_word' id='word_1_157' title='bbox 941 2059 1115 2136; x_wconf 71' lang='lat' dir='ltr'><strong>perniciosi,</strong></span> <span class='ocrx_word' id='word_1_158' title='bbox 1141 2081 1192 2120; x_wconf 90' lang='lat' dir='ltr'><strong>nec</strong></span> 
     </span>
     <span class='ocr_line' id='line_1_23' title="bbox 211 2135 1191 2216; baseline 0.006 -26"><span class='ocrx_word' id='word_1_159' title='bbox 211 2135 306 2192; x_wconf 90' lang='lat' dir='ltr'><strong>locum</strong></span> <span class='ocrx_word' id='word_1_160' title='bbox 330 2136 535 2194; x_wconf 89' lang='lat' dir='ltr'><strong>munitionibus</strong></span> <span class='ocrx_word' id='word_1_161' title='bbox 554 2137 659 2205; x_wconf 89' lang='lat' dir='ltr'><strong>claudi,</strong></span> <span class='ocrx_word' id='word_1_162' title='bbox 684 2137 739 2194; x_wconf 87' lang='lat' dir='ltr'><strong>nisi</strong></span> <span class='ocrx_word' id='word_1_163' title='bbox 767 2157 784 2196; x_wconf 86' lang='lat' dir='ltr'><strong>a</strong></span> <span class='ocrx_word' id='word_1_164' title='bbox 806 2139 911 2214; x_wconf 85' lang='lat' dir='ltr'><strong>majore</strong></span> <span class='ocrx_word' id='word_1_165' title='bbox 934 2138 1073 2208; x_wconf 83' lang='lat' dir='ltr'><strong>exercitu,</strong></span> <span class='ocrx_word' id='word_1_166' title='bbox 1097 2159 1191 2216; x_wconf 88' lang='lat' dir='ltr'><strong>posse:</strong></span> 
     </span>
     <span class='ocr_line' id='line_1_24' title="bbox 211 2210 1193 2296; baseline 0.01 -30"><span class='ocrx_word' id='word_1_167' title='bbox 211 2210 308 2268; x_wconf 86' lang='lat' dir='ltr'><strong>literas</strong></span> <span class='ocrx_word' id='word_1_168' title='bbox 322 2214 357 2269; x_wconf 86' lang='lat' dir='ltr'><strong>ad</strong></span> <span class='ocrx_word' id='word_1_169' title='bbox 372 2211 548 2271; x_wconf 89' lang='lat' dir='ltr'><strong>Trebonium</strong></span> <span class='ocrx_word' id='word_1_170' title='bbox 563 2214 658 2282; x_wconf 90' lang='lat' dir='ltr'><strong>mittit,</strong></span> <span class='ocrx_word' id='word_1_171' title='bbox 673 2226 714 2284; x_wconf 90' lang='lat' dir='ltr'><strong>ut,</strong></span> <span class='ocrx_word' id='word_1_172' title='bbox 728 2215 814 2291; x_wconf 75' lang='lat' dir='ltr'><strong>quim</strong></span> <span class='ocrx_word' id='word_1_173' title='bbox 827 2215 975 2275; x_wconf 70' lang='lat' dir='ltr'><strong>celerrime</strong></span> <span class='ocrx_word' id='word_1_174' title='bbox 988 2228 1095 2294; x_wconf 90' lang='lat' dir='ltr'><strong>posset,</strong></span> <span class='ocrx_word' id='word_1_175' title='bbox 1108 2218 1193 2296; x_wconf 84' lang='lat' dir='ltr'><strong>legio·</strong></span> 
     </span>
     <span class='ocr_line' id='line_1_25' title="bbox 211 2289 1191 2372; baseline 0.01 -28"><span class='ocrx_word' id='word_1_176' title='bbox 211 2307 278 2345; x_wconf 92' lang='lat' dir='ltr'><strong>nem</strong></span> <span class='ocrx_word' id='word_1_177' title='bbox 292 2289 382 2357; x_wconf 90' lang='lat' dir='ltr'><strong>XIII,</strong></span> <span class='ocrx_word' id='word_1_178' title='bbox 393 2309 455 2366; x_wconf 82' lang='lat' dir='ltr'><strong>qma</strong></span> <span class='ocrx_word' id='word_1_179' title='bbox 466 2311 532 2349; x_wconf 92' lang='lat' dir='ltr'><strong>curn</strong></span> <span class='ocrx_word' id='word_1_180' title='bbox 543 2291 581 2350; x_wconf 75' lang='lat' dir='ltr'><strong>T.</strong></span> <span class='ocrx_word' id='word_1_181' title='bbox 593 2293 691 2352; x_wconf 87' lang='lat' dir='ltr'><strong>Sextio</strong></span> <span class='ocrx_word' id='word_1_182' title='bbox 703 2294 798 2370; x_wconf 87' lang='lat' dir='ltr'><strong>legato</strong></span> <span class='ocrx_word' id='word_1_183' title='bbox 805 2295 835 2367; x_wconf 82' lang='lat' dir='ltr'><strong>in</strong></span> <span class='ocrx_word' id='word_1_184' title='bbox 846 2295 1022 2372; x_wconf 86' lang='lat' dir='ltr'><strong>Biturigibus</strong></span> <span class='ocrx_word' id='word_1_185' title='bbox 1032 2297 1191 2372; x_wconf 80' lang='lat' dir='ltr'><strong>hyemabat,</strong></span> 
     </span>
    </p>

    <p class='ocr_par' dir='ltr' id='par_1_7' title="bbox 164 2369 1192 2529">
     <span class='ocr_line' id='line_1_26' title="bbox 164 2369 1192 2450; baseline 0.011 -28"><span class='ocrx_word' id='word_1_186' title='bbox 164 2378 199 2432; x_wconf 76' lang='lat'><strong>25</strong></span> <span class='ocrx_word' id='word_1_187' title='bbox 213 2381 377 2439; x_wconf 88' lang='lat' dir='ltr'><strong>arcesseret,</strong></span> <span class='ocrx_word' id='word_1_188' title='bbox 389 2380 473 2445; x_wconf 87' lang='lat' dir='ltr'><strong>atque</strong></span> <span class='ocrx_word' id='word_1_189' title='bbox 493 2369 533 2429; x_wconf 88' lang='lat' dir='ltr'><strong>ita</strong></span> <span class='ocrx_word' id='word_1_190' title='bbox 546 2384 611 2430; x_wconf 86' lang='lat' dir='ltr'><strong>curn</strong></span> <span class='ocrx_word' id='word_1_191' title='bbox 626 2371 673 2429; x_wconf 94' lang='lat' dir='ltr'><strong>Ill</strong></span> <span class='ocrx_word' id='word_1_192' title='bbox 687 2372 848 2450; x_wconf 83' lang='lat' dir='ltr'><strong>legionibus</strong></span> <span class='ocrx_word' id='word_1_193' title='bbox 867 2374 980 2450; x_wconf 88' lang='lat' dir='ltr'><strong>magnis</strong></span> <span class='ocrx_word' id='word_1_194' title='bbox 993 2373 1145 2433; x_wconf 85' lang='lat' dir='ltr'><strong>itineribus</strong></span> <span class='ocrx_word' id='word_1_195' title='bbox 1159 2376 1192 2433; x_wconf 88' lang='lat' dir='ltr'><strong>ad</strong></span> 
     </span>
     <span class='ocr_line' id='line_1_27' title="bbox 212 2448 1191 2529; baseline 0.007 -25"><span class='ocrx_word' id='word_1_196' title='bbox 212 2464 242 2504; x_wconf 88' lang='lat' dir='ltr'><strong>se</strong></span> <span class='ocrx_word' id='word_1_197' title='bbox 263 2448 390 2507; x_wconf 84' lang='lat' dir='ltr'><strong>veniret:</strong></span> <span class='ocrx_word' id='word_1_198' title='bbox 423 2449 482 2525; x_wconf 87' lang='lat' dir='ltr'><strong>ipse</strong></span> <span class='ocrx_word' id='word_1_199' title='bbox 506 2449 616 2526; x_wconf 86' lang='lat' dir='ltr'><strong>equites</strong></span> <span class='ocrx_word' id='word_1_200' title='bbox 638 2451 760 2510; x_wconf 84' lang='lat' dir='ltr'><strong>invicem</strong></span> <span class='ocrx_word' id='word_1_201' title='bbox 785 2452 943 2510; x_wconf 89' lang='lat' dir='ltr'><strong>Remorum</strong></span> <span class='ocrx_word' id='word_1_202' title='bbox 965 2470 999 2509; x_wconf 89' lang='lat' dir='ltr'><strong>ac</strong></span> <span class='ocrx_word' id='word_1_203' title='bbox 1020 2451 1191 2529; x_wconf 81' lang='lat' dir='ltr'><strong>Lingonum,</strong></span> 
     </span>
    </p>

    <p class='ocr_par' dir='ltr' id='par_1_8' title="bbox 113 2525 1194 2742">
     <span class='ocr_line' id='line_1_28' title="bbox 113 2525 1194 2606; baseline 0.007 -24"><span class='ocrx_word' id='word_1_204' title='bbox 113 2547 116 2554; x_wconf 91' lang='lat'>·</span> <span class='ocrx_word' id='word_1_205' title='bbox 212 2525 438 2603; x_wconf 86' lang='lat' dir='ltr'><strong>reliquarumque</strong></span> <span class='ocrx_word' id='word_1_206' title='bbox 452 2528 608 2598; x_wconf 80' lang='lat' dir='ltr'><strong>civitatum,</strong></span> <span class='ocrx_word' id='word_1_207' title='bbox 622 2549 740 2604; x_wconf 91' lang='lat' dir='ltr'><strong>quorum</strong></span> <span class='ocrx_word' id='word_1_208' title='bbox 750 2549 886 2606; x_wconf 81' lang='lat' dir='ltr'><strong>magnum</strong></span> <span class='ocrx_word' id='word_1_209' title='bbox 897 2549 1047 2588; x_wconf 89' lang='lat' dir='ltr'><strong>numerum</strong></span> <span class='ocrx_word' id='word_1_210' title='bbox 1062 2550 1194 2590; x_wconf 82' lang='lat' dir='ltr'><strong>evocave-</strong></span> 
     </span>
     <span class='ocr_line' id='line_1_29' title="bbox 212 2607 1194 2686; baseline 0.006 -24"><span class='ocrx_word' id='word_1_211' title='bbox 212 2617 265 2674; x_wconf 86' lang='lat' dir='ltr'><strong>rat,</strong></span> <span class='ocrx_word' id='word_1_212' title='bbox 279 2607 411 2682; x_wconf 77' lang='lat' dir='ltr'><strong>prasidio</strong></span> <span class='ocrx_word' id='word_1_213' title='bbox 423 2607 652 2681; x_wconf 89' lang='lat' dir='ltr'><strong>pabulationibus</strong></span> <span class='ocrx_word' id='word_1_214' title='bbox 664 2608 759 2677; x_wconf 90' lang='lat' dir='ltr'><strong>mittit,</strong></span> <span class='ocrx_word' id='word_1_215' title='bbox 773 2609 822 2686; x_wconf 91' lang='lat' dir='ltr'><strong>qui</strong></span> <span class='ocrx_word' id='word_1_216' title='bbox 835 2608 943 2666; x_wconf 87' lang='lat' dir='ltr'><strong>subitas</strong></span> <span class='ocrx_word' id='word_1_217' title='bbox 962 2607 1086 2666; x_wconf 86' lang='lat' dir='ltr'><strong>hostium</strong></span> <span class='ocrx_word' id='word_1_218' title='bbox 1101 2610 1194 2668; x_wconf 89' lang='lat' dir='ltr'><strong>incur·</strong></span> 
     </span>
     <span class='ocr_line' id='line_1_30' title="bbox 213 2684 499 2742; baseline 0.007 -2"><span class='ocrx_word' id='word_1_219' title='bbox 213 2684 306 2741; x_wconf 87' lang='lat' dir='ltr'><strong>siones</strong></span> <span class='ocrx_word' id='word_1_220' title='bbox 320 2685 499 2742; x_wconf 84' lang='lat' dir='ltr'><strong>sustinerent.</strong></span> 
     </span>
    </p>

    <p class='ocr_par' dir='ltr' id='par_1_9' title="bbox 164 2761 1270 3154">
     <span class='ocr_line' id='line_1_31' title="bbox 164 2761 1194 2842; baseline 0.008 -26"><span class='ocrx_word' id='word_1_221' title='bbox 164 2772 200 2826; x_wconf 82' lang='lat'><strong>30</strong></span> <span class='ocrx_word' id='word_1_222' title='bbox 252 2761 322 2816; x_wconf 87' lang='lat' dir='ltr'><strong>XII.</strong></span> <span class='ocrx_word' id='word_1_223' title='bbox 363 2761 452 2822; x_wconf 80' lang='lat' dir='ltr'><strong>Quod</strong></span> <span class='ocrx_word' id='word_1_224' title='bbox 478 2783 564 2840; x_wconf 90' lang='lat' dir='ltr'><strong>quum</strong></span> <span class='ocrx_word' id='word_1_225' title='bbox 585 2764 710 2838; x_wconf 89' lang='lat' dir='ltr'><strong>quotidie</strong></span> <span class='ocrx_word' id='word_1_226' title='bbox 737 2763 826 2833; x_wconf 90' lang='lat' dir='ltr'><strong>fieret,</strong></span> <span class='ocrx_word' id='word_1_227' title='bbox 849 2784 883 2824; x_wconf 88' lang='lat' dir='ltr'><strong>ac</strong></span> <span class='ocrx_word' id='word_1_228' title='bbox 903 2765 963 2842; x_wconf 85' lang='lat' dir='ltr'><strong>jam</strong></span> <span class='ocrx_word' id='word_1_229' title='bbox 986 2766 1194 2824; x_wconf 87' lang='lat' dir='ltr'><strong>consuetudine</strong></span> 
     </span>
     <span class='ocr_line' id='line_1_32' title="bbox 212 2838 1193 2924; baseline 0.009 -28"><span class='ocrx_word' id='word_1_230' title='bbox 212 2838 360 2916; x_wconf 75' lang='lat' dir='ltr'><strong>dilIgentia</strong></span> <span class='ocrx_word' id='word_1_231' title='bbox 373 2838 556 2910; x_wconf 89' lang='lat' dir='ltr'><strong>minueretur,</strong></span> <span class='ocrx_word' id='word_1_232' title='bbox 573 2843 660 2918; x_wconf 90' lang='lat' dir='ltr'><strong>(quod</strong></span> <span class='ocrx_word' id='word_1_233' title='bbox 677 2841 843 2918; x_wconf 74' lang='lat' dir='ltr'><strong>plerumque</strong></span> <span class='ocrx_word' id='word_1_234' title='bbox 864 2844 970 2902; x_wconf 81' lang='lat' dir='ltr'><strong>accidit</strong></span> <span class='ocrx_word' id='word_1_235' title='bbox 982 2843 1193 2924; x_wconf 87' lang='lat' dir='ltr'><strong>diuturnitate,)</strong></span> 
     </span>
     <span class='ocr_line' id='line_1_33' title="bbox 212 2917 1193 2998; baseline 0.007 -23"><span class='ocrx_word' id='word_1_236' title='bbox 212 2917 365 2986; x_wconf 87' lang='lat' dir='ltr'><strong>Bellovaci,</strong></span> <span class='ocrx_word' id='word_1_237' title='bbox 380 2917 491 2976; x_wconf 78' lang='lat' dir='ltr'><strong>delectit</strong></span> <span class='ocrx_word' id='word_1_238' title='bbox 513 2937 600 2978; x_wconf 89' lang='lat' dir='ltr'><strong>manu</strong></span> <span class='ocrx_word' id='word_1_239' title='bbox 612 2921 750 2996; x_wconf 89' lang='lat' dir='ltr'><strong>peditum,</strong></span> <span class='ocrx_word' id='word_1_240' title='bbox 771 2921 894 2998; x_wconf 88' lang='lat' dir='ltr'><strong>cognitis</strong></span> <span class='ocrx_word' id='word_1_241' title='bbox 914 2922 1083 2980; x_wconf 88' lang='lat' dir='ltr'><strong>stationibus</strong></span> <span class='ocrx_word' id='word_1_242' title='bbox 1103 2925 1193 2998; x_wconf 87' lang='lat' dir='ltr'><strong>quoti·</strong></span> 
     </span>
     <span class='ocr_line' id='line_1_34' title="bbox 212 2995 1270 3100; baseline 0.007 -48"><span class='ocrx_word' id='word_1_243' title='bbox 212 2995 306 3053; x_wconf 91' lang='lat' dir='ltr'><strong>dianis</strong></span> <span class='ocrx_word' id='word_1_244' title='bbox 326 2996 452 3072; x_wconf 89' lang='lat' dir='ltr'><strong>equiturn</strong></span> <span class='ocrx_word' id='word_1_245' title='bbox 476 3007 644 3068; x_wconf 91' lang='lat' dir='ltr'><strong>nostrorum,</strong></span> <span class='ocrx_word' id='word_1_246' title='bbox 666 2999 848 3076; x_wconf 85' lang='lat' dir='ltr'><strong>sylvestribus</strong></span> <span class='ocrx_word' id='word_1_247' title='bbox 868 2999 939 3058; x_wconf 91' lang='lat' dir='ltr'><strong>locis</strong></span> <span class='ocrx_word' id='word_1_248' title='bbox 962 2999 1081 3058; x_wconf 84' lang='lat' dir='ltr'><strong>insidias</strong></span> <span class='ocrx_word' id='word_1_249' title='bbox 1102 3002 1193 3100; x_wconf 87' lang='lat' dir='ltr'><strong>dispo-</strong></span> <span class='ocrx_word' id='word_1_250' title='bbox 1269 3021 1270 3040; x_wconf 62' lang='lat'>¹</span> 
     </span>
     <span class='ocr_line' id='line_1_35' title="bbox 211 3073 1193 3154; baseline 0.007 -25"><span class='ocrx_word' id='word_1_251' title='bbox 211 3084 303 3142; x_wconf 82' lang='lat' dir='ltr'><strong>nunt3</strong></span> <span class='ocrx_word' id='word_1_252' title='bbox 331 3073 488 3149; x_wconf 72' lang='lat' dir='ltr'><strong>eodemque</strong></span> <span class='ocrx_word' id='word_1_253' title='bbox 511 3077 620 3150; x_wconf 86' lang='lat' dir='ltr'><strong>equites</strong></span> <span class='ocrx_word' id='word_1_254' title='bbox 645 3087 756 3152; x_wconf 91' lang='lat' dir='ltr'><strong>postero</strong></span> <span class='ocrx_word' id='word_1_255' title='bbox 779 3077 825 3136; x_wconf 89' lang='lat' dir='ltr'><strong>die</strong></span> <span class='ocrx_word' id='word_1_256' title='bbox 852 3079 977 3146; x_wconf 89' lang='lat' dir='ltr'><strong>mittunt,</strong></span> <span class='ocrx_word' id='word_1_257' title='bbox 998 3078 1047 3154; x_wconf 91' lang='lat' dir='ltr'><strong>qui</strong></span> <span class='ocrx_word' id='word_1_258' title='bbox 1069 3079 1193 3154; x_wconf 87' lang='lat' dir='ltr'><strong>primum</strong></span> 
     </span>
    </p>

    <p class='ocr_par' dir='ltr' id='par_1_10' title="bbox 163 3151 1194 3310">
     <span class='ocr_line' id='line_1_36' title="bbox 163 3151 1191 3232; baseline 0.005 -24"><span class='ocrx_word' id='word_1_259' title='bbox 163 3161 198 3216; x_wconf 83' lang='lat'><strong>35</strong></span> <span class='ocrx_word' id='word_1_260' title='bbox 212 3151 348 3209; x_wconf 87' lang='lat' dir='ltr'><strong>elicerent</strong></span> <span class='ocrx_word' id='word_1_261' title='bbox 361 3162 471 3209; x_wconf 88' lang='lat' dir='ltr'><strong>nostros</strong></span> <span class='ocrx_word' id='word_1_262' title='bbox 485 3153 605 3220; x_wconf 89' lang='lat' dir='ltr'><strong>insidiis,</strong></span> <span class='ocrx_word' id='word_1_263' title='bbox 620 3154 724 3212; x_wconf 87' lang='lat' dir='ltr'><strong>deinde</strong></span> <span class='ocrx_word' id='word_1_264' title='bbox 737 3153 946 3214; x_wconf 86' lang='lat' dir='ltr'><strong>circumventos</strong></span> <span class='ocrx_word' id='word_1_265' title='bbox 960 3157 1191 3232; x_wconf 81' lang='lat' dir='ltr'><strong>aggrederentur.</strong></span> 
     </span>
     <span class='ocr_line' id='line_1_37' title="bbox 212 3229 1194 3310; baseline 0.005 -23"><span class='ocrx_word' id='word_1_266' title='bbox 212 3231 303 3307; x_wconf 87' lang='lat' dir='ltr'><strong>Cujus</strong></span> <span class='ocrx_word' id='word_1_267' title='bbox 316 3229 383 3288; x_wconf 88' lang='lat' dir='ltr'><strong>mali</strong></span> <span class='ocrx_word' id='word_1_268' title='bbox 396 3249 456 3288; x_wconf 88' lang='lat' dir='ltr'><strong>sors</strong></span> <span class='ocrx_word' id='word_1_269' title='bbox 467 3229 568 3288; x_wconf 90' lang='lat' dir='ltr'><strong>incidit</strong></span> <span class='ocrx_word' id='word_1_270' title='bbox 577 3230 689 3300; x_wconf 89' lang='lat' dir='ltr'><strong>Remis,</strong></span> <span class='ocrx_word' id='word_1_271' title='bbox 697 3233 800 3309; x_wconf 89' lang='lat' dir='ltr'><strong>quibus</strong></span> <span class='ocrx_word' id='word_1_272' title='bbox 814 3234 862 3292; x_wconf 88' lang='lat' dir='ltr'><strong>ille</strong></span> <span class='ocrx_word' id='word_1_273' title='bbox 875 3235 936 3292; x_wconf 90' lang='lat' dir='ltr'><strong>dies</strong></span> <span class='ocrx_word' id='word_1_274' title='bbox 945 3235 1082 3310; x_wconf 87' lang='lat' dir='ltr'><strong>lirngendi</strong></span> <span class='ocrx_word' id='word_1_275' title='bbox 1096 3254 1194 3294; x_wconf 89' lang='lat' dir='ltr'><strong>mune-</strong></span> 
     </span>
    </p>

    <p class='ocr_par' dir='ltr' id='par_1_11' title="bbox 174 3305 1193 3546">
     <span class='ocr_line' id='line_1_38' title="bbox 174 3305 1192 3388; baseline 0.006 -24"><span class='ocrx_word' id='word_1_276' title='bbox 174 3341 175 3344; x_wconf 61' lang='lat'><em>=</em></span> <span class='ocrx_word' id='word_1_277' title='bbox 211 3308 250 3366; x_wconf 90' lang='lat' dir='ltr'><strong>ris</strong></span> <span class='ocrx_word' id='word_1_278' title='bbox 273 3310 433 3368; x_wconf 86' lang='lat' dir='ltr'><strong>obvenerat.</strong></span> <span class='ocrx_word' id='word_1_279' title='bbox 475 3305 607 3384; x_wconf 88' lang='lat' dir='ltr'><strong>Namque</strong></span> <span class='ocrx_word' id='word_1_280' title='bbox 628 3308 658 3388; x_wconf 75' lang='lat' dir='ltr'><strong>ii,</strong></span> <span class='ocrx_word' id='word_1_281' title='bbox 681 3329 769 3385; x_wconf 89' lang='lat' dir='ltr'><strong>quum</strong></span> <span class='ocrx_word' id='word_1_282' title='bbox 798 3312 916 3388; x_wconf 74' lang='lat' dir='ltr'><strong>repente</strong></span> <span class='ocrx_word' id='word_1_283' title='bbox 937 3313 1061 3371; x_wconf 89' lang='lat' dir='ltr'><strong>hostium</strong></span> <span class='ocrx_word' id='word_1_284' title='bbox 1084 3313 1192 3388; x_wconf 83' lang='lat' dir='ltr'><strong>equites</strong></span> 
     </span>
     <span class='ocr_line' id='line_1_39' title="bbox 213 3385 1193 3467; baseline 0.012 -28"><span class='ocrx_word' id='word_1_285' title='bbox 213 3385 486 3456; x_wconf 82' lang='lat' dir='ltr'><strong>animadvertissent,</strong></span> <span class='ocrx_word' id='word_1_286' title='bbox 521 3405 555 3445; x_wconf 91' lang='lat' dir='ltr'><strong>ac</strong></span> <span class='ocrx_word' id='word_1_287' title='bbox 585 3406 704 3450; x_wconf 88' lang='lat' dir='ltr'><strong>numero</strong></span> <span class='ocrx_word' id='word_1_288' title='bbox 729 3390 887 3466; x_wconf 83' lang='lat' dir='ltr'><strong>superiores</strong></span> <span class='ocrx_word' id='word_1_289' title='bbox 919 3389 1094 3467; x_wconf 86' lang='lat' dir='ltr'><strong>paucitatem</strong></span> <span class='ocrx_word' id='word_1_290' title='bbox 1129 3411 1193 3450; x_wconf 84' lang='lat' dir='ltr'><strong>con·</strong></span> 
     </span>
     <span class='ocr_line' id='line_1_40' title="bbox 212 3463 1193 3546; baseline 0.01 -30"><span class='ocrx_word' id='word_1_291' title='bbox 212 3465 400 3546; x_wconf 74' lang='lat' dir='ltr'><strong>tempsissent,</strong></span> <span class='ocrx_word' id='word_1_292' title='bbox 435 3463 568 3542; x_wconf 79' lang='lat' dir='ltr'><strong>cupidius</strong></span> <span class='ocrx_word' id='word_1_293' title='bbox 594 3465 724 3539; x_wconf 89' lang='lat' dir='ltr'><strong>insecuti,</strong></span> <span class='ocrx_word' id='word_1_294' title='bbox 756 3487 772 3526; x_wconf 86' lang='lat' dir='ltr'><strong>a</strong></span> <span class='ocrx_word' id='word_1_295' title='bbox 799 3469 942 3544; x_wconf 86' lang='lat' dir='ltr'><strong>peditibus</strong></span> <span class='ocrx_word' id='word_1_296' title='bbox 971 3468 1098 3544; x_wconf 89' lang='lat' dir='ltr'><strong>undique</strong></span> <span class='ocrx_word' id='word_1_297' title='bbox 1130 3479 1193 3528; x_wconf 91' lang='lat' dir='ltr'><strong>sunt</strong></span> 
     </span>
    </p>

    <p class='ocr_par' dir='ltr' id='par_1_12' title="bbox 164 3543 1194 3938">
     <span class='ocr_line' id='line_1_41' title="bbox 164 3543 1193 3623; baseline 0.008 -25"><span class='ocrx_word' id='word_1_298' title='bbox 164 3543 199 3598; x_wconf 82' lang='lat' dir='ltr'><strong>tu</strong></span> <span class='ocrx_word' id='word_1_299' title='bbox 213 3543 388 3601; x_wconf 78' lang='lat' dir='ltr'><strong>onoumdmi.</strong></span> <span class='ocrx_word' id='word_1_300' title='bbox 428 3544 498 3608; x_wconf 83' lang='lat' dir='ltr'><strong>Quo</strong></span> <span class='ocrx_word' id='word_1_301' title='bbox 512 3544 586 3614; x_wconf 84' lang='lat' dir='ltr'><strong>facto</strong></span> <span class='ocrx_word' id='word_1_302' title='bbox 595 3545 760 3619; x_wconf 86' lang='lat' dir='ltr'><strong>perturbati,</strong></span> <span class='ocrx_word' id='word_1_303' title='bbox 774 3545 906 3616; x_wconf 73' lang='lat' dir='ltr'><strong>celerina,</strong></span> <span class='ocrx_word' id='word_1_304' title='bbox 917 3545 1003 3623; x_wconf 70' lang='lat' dir='ltr'><strong>quam</strong></span> <span class='ocrx_word' id='word_1_305' title='bbox 1017 3549 1193 3608; x_wconf 87' lang='lat' dir='ltr'><strong>consuetudo</strong></span> 
     </span>
     <span class='ocr_line' id='line_1_42' title="bbox 213 3612 1192 3704; baseline 0.014 -33"><span class='ocrx_word' id='word_1_306' title='bbox 213 3612 266 3704; x_wconf 78' lang='lat' dir='ltr'><strong>sert</strong></span> <span class='ocrx_word' id='word_1_307' title='bbox 278 3621 414 3704; x_wconf 87' lang='lat' dir='ltr'><strong>equestris</strong></span> <span class='ocrx_word' id='word_1_308' title='bbox 433 3623 532 3696; x_wconf 75' lang='lat' dir='ltr'><strong>prelii,</strong></span> <span class='ocrx_word' id='word_1_309' title='bbox 546 3642 576 3680; x_wconf 87' lang='lat' dir='ltr'><strong>se</strong></span> <span class='ocrx_word' id='word_1_310' title='bbox 594 3621 772 3698; x_wconf 82' lang='lat' dir='ltr'><strong>receperunt,</strong></span> <span class='ocrx_word' id='word_1_311' title='bbox 794 3623 897 3684; x_wconf 89' lang='lat' dir='ltr'><strong>amisso</strong></span> <span class='ocrx_word' id='word_1_312' title='bbox 909 3624 1052 3693; x_wconf 87' lang='lat' dir='ltr'><strong>Vertisco,</strong></span> <span class='ocrx_word' id='word_1_313' title='bbox 1065 3626 1192 3703; x_wconf 88' lang='lat' dir='ltr'><strong>principe</strong></span> 
     </span>
     <span class='ocr_line' id='line_1_43' title="bbox 212 3699 1192 3782; baseline 0.011 -30"><span class='ocrx_word' id='word_1_314' title='bbox 212 3699 503 3777; x_wconf 83' lang='lat' dir='ltr'><strong>orvrtstrs,·prreseoto</strong></span> <span class='ocrx_word' id='word_1_315' title='bbox 528 3701 676 3776; x_wconf 84' lang='lat' dir='ltr'><strong>equitum:</strong></span> <span class='ocrx_word' id='word_1_316' title='bbox 709 3702 767 3778; x_wconf 90' lang='lat' dir='ltr'><strong>qui,</strong></span> <span class='ocrx_word' id='word_1_317' title='bbox 793 3719 881 3777; x_wconf 93' lang='lat' dir='ltr'><strong>quum</strong></span> <span class='ocrx_word' id='word_1_318' title='bbox 906 3701 954 3761; x_wconf 84' lang='lat' dir='ltr'><strong>vix</strong></span> <span class='ocrx_word' id='word_1_319' title='bbox 978 3721 1052 3779; x_wconf 89' lang='lat' dir='ltr'><strong>equo</strong></span> <span class='ocrx_word' id='word_1_320' title='bbox 1081 3717 1192 3782; x_wconf 89' lang='lat' dir='ltr'><strong>propter</strong></span> 
     </span>
     <span class='ocr_line' id='line_1_44' title="bbox 213 3777 1192 3858; baseline 0.011 -29"><span class='ocrx_word' id='word_1_321' title='bbox 213 3781 324 3830; x_wconf 75' lang='lat' dir='ltr'><strong>atatem</strong></span> <span class='ocrx_word' id='word_1_322' title='bbox 350 3781 444 3843; x_wconf 85' lang='lat' dir='ltr'><strong>posset</strong></span> <span class='ocrx_word' id='word_1_323' title='bbox 469 3777 521 3845; x_wconf 85' lang='lat' dir='ltr'><strong>uti,</strong></span> <span class='ocrx_word' id='word_1_324' title='bbox 547 3788 653 3844; x_wconf 85' lang='lat' dir='ltr'><strong>tamen,</strong></span> <span class='ocrx_word' id='word_1_325' title='bbox 680 3779 886 3837; x_wconf 88' lang='lat' dir='ltr'><strong>consuetudine</strong></span> <span class='ocrx_word' id='word_1_326' title='bbox 912 3780 1070 3850; x_wconf 86' lang='lat' dir='ltr'><strong>Gallorum,</strong></span> <span class='ocrx_word' id='word_1_327' title='bbox 1101 3801 1192 3858; x_wconf 85' lang='lat' dir='ltr'><strong>neque</strong></span> 
     </span>
     <span class='ocr_line' id='line_1_45' title="bbox 212 3844 1194 3938; baseline 0.01 -30"><span class='ocrx_word' id='word_1_328' title='bbox 212 3849 304 3908; x_wconf 77' lang='lat' dir='ltr'><strong>atatis</strong></span> <span class='ocrx_word' id='word_1_329' title='bbox 315 3844 498 3907; x_wconf 72' lang='lat' dir='ltr'><strong>crematione</strong></span> <span class='ocrx_word' id='word_1_330' title='bbox 510 3850 540 3906; x_wconf 91' lang='lat' dir='ltr'><strong>in</strong></span> <span class='ocrx_word' id='word_1_331' title='bbox 554 3855 740 3936; x_wconf 66' lang='lat' dir='ltr'><strong>suscipienda¹</strong></span> <span class='ocrx_word' id='word_1_332' title='bbox 748 3855 918 3930; x_wconf 66' lang='lat' dir='ltr'><strong>profectura</strong></span> <span class='ocrx_word' id='word_1_333' title='bbox 931 3877 1000 3916; x_wconf 86' lang='lat' dir='ltr'><strong>usus</strong></span> <span class='ocrx_word' id='word_1_334' title='bbox 1013 3870 1085 3930; x_wconf 87' lang='lat' dir='ltr'><strong>erat,</strong></span> <span class='ocrx_word' id='word_1_335' title='bbox 1100 3879 1194 3938; x_wconf 86' lang='lat' dir='ltr'><strong>neque</strong></span> 
     </span>
    </p>
   </div>
   <div class='ocr_carea' id='block_1_3' title="bbox 0 0 1291 4420">
    <p class='ocr_par' dir='ltr' id='par_1_13' title="bbox 0 0 1291 4420">
     <span class='ocr_line' id='line_1_46' title="bbox 0 0 1291 4420; baseline 0 0"><span class='ocrx_word' id='word_1_336' title='bbox 0 0 1291 4420; x_wconf 95' lang='lat' dir='ltr'><strong> </strong></span> 
     </span>
    </p>
   </div>
   <div class='ocr_carea' id='block_1_4' title="bbox 155 4202 474 4334">
    <p class='ocr_par' dir='ltr' id='par_1_14' title="bbox 155 4202 474 4334">
     <span class='ocr_line' id='line_1_47' title="bbox 155 4202 474 4334; baseline 0.006 -1"><span class='ocrx_word' id='word_1_337' title='bbox 155 4202 474 4334; x_wconf 59' lang='lat' dir='ltr'><strong><em>A</em></strong></span> 
     </span>
    </p>
   </div>
  </div>
 </body>
</html>
