2564 4422
402 339 511 388 LIBER
526 339 710 390 turrinus.
1040 346 1097 406 lm

38 483 51 494 “
98 483 216 543 XVIII.
256 481 360 544 Quum
371 481 432 556 jam
445 479 1047 561 montanenppropinquassenr,excap
1103 523 1106 530 -

57 564 127 621 tivis
135 563 229 620 Cesar
237 560 381 636 cognovit,
391 557 656 645 Vercingetorigem
666 561 944 635 wnsumptopabulo
953 573 1048 622 cestra

58 639 182 698 movisse
198 638 315 714 propius
337 636 504 703 Avaricum,
516 625 613 770 Quo
630 623 723 712 ipsdm
736 655 804 694 cum
823 637 949 712 equitatu
962 659 1047 716 expe·

29 751 30 756 1
58 719 191 792 ditisque,
215 717 265 791 qui
287 716 360 772 inter
383 715 493 788 equites
513 733 545 790 pr
582 715 634 772 rari
660 713 856 782 consuessent,
880 716 1046 776 insidiarum

59 798 146 855 causat
165 794 201 852 ed
225 781 395 870 profectriln,
409 790 466 866 qud
480 802 590 850 nostros
609 803 722 868 postero
741 793 789 850 die
801 793 966 869 pabulatum
980 815 1047 854 ven·
1072 805 1090 858 5

59 885 136 932 turos
170 872 365 930 arbitraretur.
418 869 535 938 Quibus
561 871 646 928 rebus
675 871 807 947 cognitis,
834 873 929 930 medid
962 884 1046 932 nocte

60 951 173 1010 silentio
195 949 351 1026 profectus,
376 949 412 1005 ad
433 947 564 1006 hostium
579 959 681 1006 castra·
695 968 780 1007 mane
803 951 940 1026 pervenit.
989 951 1046 1020 Illi,

60 1029 193 1088 celeriter
216 1047 266 1104 per
288 1027 479 1102 exploratores
505 1027 628 1084 adventu
655 1027 777 1085 Caesaris
803 1029 927 1104 cognito,
951 1047 1068 1088 carros·

14 1124 17 1134 ¹
60 1107 322 1182 impedimentaque
345 1123 398 1162 sua
421 1104 451 1160 in
475 1104 610 1162 arctiores
632 1105 724 1180 sylvas
747 1105 927 1176 abdiderunt,
950 1107 1047 1183 copias
1158 1109 1161 1114 '

60 1203 165 1245 omne·
177 1183 207 1240 in
220 1184 283 1241 loco
297 1193 394 1260 aperto
415 1193 498 1257 atque
511 1182 588 1240 edito
606 1183 807 1241 instruxerunt.
846 1185 917 1247 Qut
930 1205 961 1243 re
974 1205 1047 1243 nun·
1057 1193 1092 1246 10

61 1264 150 1330 ciatd,
166 1262 268 1321 Cesar
274 1262 405 1319 celeriter
418 1261 546 1318 sarcinas
564 1261 698 1329 conferri,
713 1281 792 1320 arma
811 1263 938 1338 expediri
954 1263 1046 1340 jussit

101 1340 191 1398 XIX.
232 1340 321 1398 Collis
347 1349 408 1400 erut
433 1337 535 1396 leniter
562 1340 598 1396 ab
621 1339 719 1398 infimo
745 1339 880 1398 acclinis:
908 1342 986 1398 hunc
1011 1361 1048 1402 ex

61 1419 195 1479 omnibus
214 1417 274 1476 ferd
287 1418 414 1494 partibus
426 1418 507 1493 palus
520 1417 643 1476 difficilis
657 1429 740 1494 atque
754 1419 891 1496 impedita
902 1417 1047 1496 cingebat,
1064 1490 1068 1495 ,

62 1517 122 1555 non
145 1497 229 1554 latior
249 1496 370 1571 pedibus
393 1495 426 1553 1,
446 1497 449 1500 ’
468 1495 534 1554 Hoc
557 1515 588 1552 se
611 1496 693 1564 colle,
715 1497 879 1574 interruptis
901 1499 1046 1574 pontibus,

61 1575 142 1632 Galli
169 1574 277 1630 fiducie
301 1574 356 1632 loci
388 1573 582 1652 continebant,
609 1575 823 1650 generatimque
849 1575 991 1636 distributi
1017 1577 1092 1636 into

61 1653 209 1718 civitates,
222 1651 319 1708 omnia
338 1653 407 1708 vada
427 1671 461 1708 ae
485 1652 573 1710 saltus
592 1652 654 1727 ejus
675 1651 785 1726 paludis
805 1653 891 1710 certis
911 1653 1048 1712 custodiis

6 1739 8 1748 '
60 1731 247 1796 obtinebant,
272 1728 313 1785 sic
336 1730 428 1788 animo
447 1729 549 1805 parati,
570 1741 611 1796 ut,
633 1729 657 1786 si
677 1748 741 1786 eam
764 1729 898 1804 paludem
921 1729 1049 1787 Romani

61 1825 249 1885 perrumpere
270 1819 447 1875 conarentur,
463 1808 626 1864 hesitantes
645 1817 807 1882 premerent
826 1825 863 1864 ex
882 1805 946 1864 loco
966 1825 1049 1881 supe-

64 1888 156 1945 riore:
178 1896 220 1954 ut,
230 1885 279 1960 qui
289 1885 525 1961 propinquitatem
545 1885 601 1942 loci
614 1884 731 1952 videret,
742 1894 856 1959 paratos
868 1903 954 1960 prope
968 1903 1049 1958 aequo

65 1964 161 2022 Marte
175 1965 212 2021 ad
225 1964 424 2022 dimicandum
440 1963 631 2032 existimarem
652 1965 700 2038 qui
720 1957 897 2050 iniquitatem
911 1961 1093 2022 conditio-2⁰

64 2043 111 2100 nis
122 2042 306 2118 perspiceret,
321 2042 410 2112 inani,
422 2041 601 2112 simulatione
619 2060 682 2100 sese
694 2051 837 2100 ostentare
854 2051 1048 2116 cognosceret

8 2171 11 2178 .
66 2119 256 2196 Indignantes
278 2119 383 2178 milites
409 2105 516 2192 Caesar,
539 2119 616 2195 quod
637 2131 821 2196 conspectum
845 2139 928 2178 suum
954 2121 1049 2178 hostes

66 2199 139 2256 serre
172 2209 296 2274 possent,
323 2198 433 2255 tantulo
459 2198 549 2273 spatio
576 2199 734 2274 interjecto,
760 2210 789 2257 et
821 2199 934 2276 signum
960 2197 1066 2274 praelii·

66 2287 261 2352 exposcentes,
282 2277 393 2343 edocet,
416 2275 557 2338 ‘Quanto
582 2278 761 2346 detrimento,
785 2288 906 2370 etpquot
926 2277 1049 2336 virorum

67 2355 183 2412 fortium
195 2366 283 2413 morte
301 2374 420 2414 necesse
434 2354 470 2411 sit
491 2365 620 2412 constare
635 2355 796 2413 victoriam:
817 2371 887 2428 quos
899 2349 986 2430 qubm
1007 2357 1049 2414 sic
1058 2361 1095 2416 25

68 2433 165 2492 animo
189 2425 301 2508 palatos
323 2421 429 2500 videat,
453 2442 484 2489 ut
510 2434 619 2509 nullum
642 2446 693 2508 pro
715 2433 767 2490 sud
786 2432 871 2502 laude
891 2434 1050 2507 periculum

67 2522 211 2578 recusent,
225 2531 342 2568 summm
353 2531 383 2568 se
397 2511 553 2585 iniquitatis
564 2510 748 2574 condemnari
761 2509 875 2575 debere,
887 2509 941 2564 nisi
952 2528 1051 2566 eorum

68 2589 157 2648 vitam
178 2589 230 2646 sud
250 2591 339 2647 salute
360 2591 464 2646 habeat
484 2589 641 2646 cariorem!
691 2587 741 2644 Sic
761 2586 865 2644 milites
878 2585 1050 2652 consolatus,

67 2669 171 2726 eodem
182 2667 229 2724 die
242 2668 352 2725 reducit
372 2668 401 2724 in
415 2679 525 2736 castra3
547 2667 663 2741 reliqua,
678 2685 740 2741 quae
754 2665 791 2722 ad
809 2661 1051 2740 oppugnaflonem

69 2745 165 2822 oppidi
178 2746 368 2822 pertinebant,
384 2745 581 2803 administrare
596 2744 725 2802 instituit.
903 2754 905 2762 ’
1061 2747 1097 2801 30

106 2823 178 2880 XX.
220 2824 449 2898 Vercingetorix,
458 2843 546 2899 quum
560 2825 596 2881 ad
610 2843 676 2880 suos
688 2818 997 2898 redissetproditionis
1010 2817 1053 2877 in·

70 2901 227 2968 simulatus,
244 2899 338 2977 ‘qudd
347 2903 502 2980 castre'pro
523 2899 567 2959 iiis
581 2902 729 2961 Romanos
739 2901 880 2971 movisset,
894 2897 971 2973 quod
985 2916 1052 2955 cum

70 2981 146 3038 omni
159 2980 289 3054 equitatu
302 2979 488 3047 discessisset,
502 2922 786 3117 Quo
799 2989 892 3058 tantas
903 2975 998 3050 copias
1012 2993 1054 3030 re·

70 3055 204 3132 liquisset,
224 3056 301 3133 quod
323 3058 384 3132 ejus
405 3057 532 3116 discessu
553 3059 649 3115 Roma
671 3057 677 3068 '
750 3057 780 3114 td
799 3053 1006 3132 opportunitate
1025 3062 1055 3110 ot

70 3137 214 3194 celeritate
229 3135 391 3205 venissent3
413 3156 471 3194 non
485 3138 547 3194 haec
560 3136 657 3193 omnia
670 3132 785 3193 fortuitd
800 3145 847 3192 aut
861 3133 922 3191 sine
936 3130 1055 3190 consilio
1064 3137 1099 3206 3⁵.

71 3214 201 3272 accidere
209 3213 351 3288 potuisse;
366 3215 574 3290 regnumilluin
582 3214 683 3272 Gallia
694 3213 777 3272 malle
786 3211 908 3273 cesaris
916 3226 1055 3268 concessu
1087 3227 1092 3240 ¹·
1127 3215 1151 3242 ’·“
1186 3269 1191 3271 ,

69 3291 152 3366 qudm
164 3291 291 3367 ipsorum
303 3293 407 3350 habere
421 3293 562 3350 beneficio
571 3294 588 3361 ς’
610 3277 660 3349 tali
673 3293 758 3350 modo
772 3300 931 3354 accusatus,
940 3287 978 3374 ad
993 3286 1055 3373 liaec

68 3370 230 3446 respondit:
254 3369 360 3432 ‘Quod
369 3381 465 3428 castra
474 3371 616 3436 movisset,
629 3364 1056 3443 factuminopitpabu11,enam

66 3447 136 3523 ipsis
150 3447 346 3506 hortantibus:
368 3449 445 3524 qudd
458 3447 574 3527 propius
592 3447 740 3506 Romanos
754 3443 928 3508 accessisset,
942 3460 1056 3516 persua·

65 3525 206 3584 snmloci
226 3527 447 3601 opportunitate,
468 3527 565 3603 quise
584 3527 675 3602 ipsum
696 3522 853 3584 munitione
871 3519 1101 3582 defenderetrld
1139 3538 1147 3553 ¹
1174 3551 1175 3554 ¹

64 3604 197 3680 equitum
205 3603 272 3663 rard
283 3624 400 3680 operam
407 3625 501 3680 neque
512 3605 540 3662 in
549 3606 613 3664 loco
622 3597 903 3680 palustri-desiderari
913 3597 1056 3668 debuisse,

64 3679 181 3762 et0illic
202 3681 289 3739 fuisse
307 3683 417 3752 utilem,
431 3683 488 3759 qud
508 3684 566 3741 sint
585 3681 721 3758 profecti:
741 3695 882 3736 summam
902 3677 1013 3752 imperii
1027 3696 1058 3734 se

64 3757 201 3820 consultd
212 3761 284 3818 nulli
295 3762 493 3820 discedentem
506 3761 666 3828 tradidisse,
678 3777 715 3818 ne
729 3757 754 3814 is
763 3755 953 3815 multitudinis
965 3753 1059 3816 studio

65 3837 104 3894 ad
117 3837 318 3898 dimicandum
335 3839 541 3916 impelleretur,
562 3839 611 3898 cui
623 3838 666 3897 rei
678 3846 790 3916 propter
811 3835 900 3896 animi
913 3829 1058 3894 mollitiem

435 3979 440 3998 r
543 3948 590 3992 “¹
644 3965 656 3996 ‚⁴
913 3943 930 3956 *-
