2562 4412
456 307 564 362 menn
579 309 754 364 neritus.
1051 279 1053 286 ’
1081 321 1138 382 tte
1249 281 1258 354 ’.

94 472 156 516 non
169 453 280 533 potnit3
302 451 426 531 graviter
442 464 539 512 tamen
551 454 644 531 primo
657 455 717 514 ietu
730 455 827 532 gladio
839 467 926 533 eaput
938 459 1086 534 peremnia

91 535 198 599 Quum
226 534 358 609 utrinque
381 532 473 608 gladii
491 533 620 592 destrioti
640 545 753 605 essent3
776 553 834 593 non
854 546 913 594 tam
938 531 1088 614 pugnandi

93 613 182 690 quim
196 612 368 689 diffugiendi
382 611 436 669 fnit
443 623 626 688 utrorumque
640 614 808 672 consilium:
830 625 999 684 nostrorum,
1010 616 1088 692 qudd

95 693 244 752 mortifero
264 691 381 748 vulnere
395 689 559 748 Commium
577 693 734 750 eredebant
755 693 908 764 affectum
929 694 1086 766 Gallorum,

94 771 182 848 qnod,
198 770 312 829 insidiis
332 769 465 846 cognitis,
481 770 573 845 plura,
587 770 674 845 qulm
692 771 831 839 videbunt,
853 774 1087 834 extimescebam.
1114 783 1133 836 t

94 852 165 913 Quo
179 851 258 908 laete
270 849 402 908 statuisse
413 847 562 906 Commius
575 850 734 919 dieebatur‚
748 868 896 926 nunquam
907 852 937 910 in
950 871 1088 930 conspee-

95 941 156 988 tum
170 929 341 1006 cujusquam
355 927 483 985 Romani
497 927 603 985 venire.

135 1007 253 1065 XXIV.
295 1005 525 1064 Bellicosissimis
547 1006 682 1082 gentibus
708 1008 837 1077 devietis,
866 1009 974 1078 Cesar,
1000 1029 1088 1086 quum

95 1087 214 1154 rideret,
237 1085 345 1143 nullam
363 1085 423 1161 jam
437 1103 499 1142 esse
520 1085 753 1162 civitatemque
767 1088 872 1146 bellum
893 1099 1015 1165 pararet,
1033 1109 1089 1164 quo

95 1165 150 1223 sibi
171 1165 332 1234 resisteret;
354 1165 405 1222 sed
426 1164 578 1223 nonnullos
591 1183 627 1236 ert
644 1166 758 1242 oppidis
778 1166 948 1242 demigrare,
963 1187 999 1226 ex
1013 1168 1089 1244 agris
1100 1177 1134 1230 1⁰

95 1244 246 1320 diffugsfi
262 1245 298 1301 ad
318 1261 445 1319 praesens
465 1243 616 1319 imperium
629 1245 814 1306 evitandum-t
841 1245 937 1321 plures
951 1247 981 1304 in
993 1259 1089 1323 partes

95 1323 254 1382 exereitum
265 1323 408 1380 dimittere
418 1323 574 1380 constituit.
615 1323 657 1380 M.
670 1324 829 1384 Antonium
842 1336 1011 1400 questorem
1021 1345 1088 1384 oum
1144 1390 1146 1394 ,

95 1402 209 1479 legione
223 1401 270 1458 XI
291 1401 346 1458 sibi
360 1402 527 1478 conjungit:
550 1401 584 1458 C.
604 1402 727 1461 Fabium
746 1403 872 1480 legatum
885 1423 952 1462 eum
967 1405 1089 1463 eohorti-

96 1482 150 1538 bus
174 1479 264 1538 XXV
288 1481 374 1538 mittit
396 1481 425 1538 in
446 1480 666 1539 diversissimam
688 1483 790 1540 Gattiae
809 1496 935 1560 partem;
956 1483 1088 1560 quodibi

94 1560 234 1636 quasdam
250 1559 380 1617 civitates
393 1559 423 1617 in
438 1559 524 1616 armis
537 1577 600 1616 esse
615 1561 758 1628 audiebat,
773 1581 866 1637 neque
879 1564 915 1620 C.
930 1563 1088 1622 Caninium
1099 1571 1133 1625 la

95 1639 235 1698 Rebilum
249 1639 385 1716 legatum,
400 1638 448 1714 qui
463 1638 493 1694 in
514 1637 570 1694 illis
583 1639 748 1718 regionibus
760 1651 890 1714 praeerat,
904 1640 974 1698 satis
992 1641 1088 1699 firmas

96 1717 126 1777 11
140 1719 271 1795 legiones
285 1719 390 1776 habere
404 1716 594 1775 existimabat.
636 1717 675 1774 T.
691 1717 851 1774 Labienum
867 1719 902 1775 ad
923 1737 954 1775 se
968 1729 1086 1788 evooat3

95 1797 296 1876 legionemque
306 1796 380 1864 XII,
394 1815 458 1872 que
469 1815 536 1852 oum
549 1812 586 1853 eo
595 1795 686 1854 suerat
700 1795 730 1853 in
742 1796 886 1870 hybernis,
902 1797 931 1852 in
942 1796 1087 1872 Togatam

95 1877 221 1936 Galliam
241 1876 339 1943 mittit,
355 1876 390 1933 ad
414 1875 543 1934 uolonias
556 1873 661 1931 civium
676 1875 873 1932 Romanorum
887 1875 1028 1944 tuendas3
1050 1893 1087 1934 ne

21 1983 24 1994 ¹
95 1957 169 2031 quod
184 1955 278 2013 simile
299 1953 513 2032 incommodum
534 1954 678 2012 acoideret
699 1953 869 2012 decursione
891 1955 1132 2023 barbarorum,20

96 2053 130 2092 ae
142 2033 290 2111 superiore
299 2044 396 2092 aestate
410 2033 592 2110 Tergestinis
603 2033 765 2101 accidisset,
779 2033 828 2110 qui
842 2033 991 2109 repentino
1004 2033 1088 2092 latro-

95 2113 173 2172 einio
184 2124 269 2189 atque
291 2112 399 2189 impetu
412 2131 511 2170 eorum
531 2123 614 2170 erant
626 2112 762 2190 oppressi.
804 2112 870 2190 Ipse
885 2114 922 2171 ad
936 2114 1086 2172 vastandos

95 2193 367 2270 depopulandosque
388 2191 461 2250 fines
482 2193 658 2268 Ambiorigis
683 2192 872 2269 pmlieiseitur
884 2213 898 2255 ι,
919 2211 1004 2268 quem
1024 2212 1086 2269 per·

95 2273 225 2331 territum
240 2289 275 2328 ae
290 2271 446 2347 lugientem
456 2289 545 2345 quum
565 2271 658 2346 redigi
675 2272 801 2346 possein
823 2291 903 2330 suam
917 2283 1086 2348 potestatem

95 2352 285 2428 desperasset,
296 2349 455 2426 proximum
469 2368 529 2408 sum
542 2348 691 2426 dignitatis
701 2369 764 2407 esse
778 2352 913 2418 ducebat,
927 2350 1000 2408 adeo
1013 2352 1086 2410 fines
1095 2359 1131 2413 25

94 2430 156 2507 ejus
170 2440 282 2494 vastare
296 2429 417 2497 civibus,
432 2427 570 2495 aedificiis,
584 2447 698 2504 pecore,
712 2439 744 2485 nt
758 2427 825 2486 odio
838 2447 953 2486 suorum
967 2430 1086 2488 Ambio·

94 2509 148 2576 rix,
163 2509 273 2584 siquos
294 2508 407 2567 fortuna
421 2507 536 2565 fecisset
556 2507 689 2581 reliquos,
704 2507 814 2564 nullum
829 2507 954 2563 reditum
972 2509 1091 2582 propter¹

94 2599 191 2647 tantas
202 2586 383 2645 salernitates
396 2586 514 2645 haberet
527 2585 557 2644 in
571 2585 725 2643 civitatem.
774 2653 776 2656 ¹

116 2665 236 2725 XXV.
276 2665 378 2728 Quum
402 2667 432 2724 in
457 2683 558 2724 omnes
588 2665 661 2722 fines
686 2662 810 2740 partium
837 2661 1014 2738 Ambiorigis
1037 2674 1087 2721 aut

95 2745 225 2823 legiones
235 2757 286 2804 aut
298 2744 575 2825 auxiliadimisisset,
588 2745 776 2820 atqueomnis
785 2743 923 2810 oedibus,
934 2742 1085 2811 incendiis,
1096 2751 1131 2804 3⁰

95 2825 204 2901 rapinis
229 2824 377 2893 vastasset,
404 2843 509 2900 magno
538 2843 659 2882 numero
685 2823 834 2882 hominum
860 2823 1012 2881 interfecto
1038 2833 1087 2880 aut

95 2915 200 2980 eapte:
221 2903 382 2962 Labienum
394 2921 469 2962 ‘oum
484 2904 596 2961 duabus
616 2902 777 2978 legionibus
791 2902 820 2960 in
841 2901 976 2959 Treviros
989 2900 1085 2969 mittit,

95 3002 217 3058 quorum
240 2983 352 3050 civitas,
376 2980 677 3059 propter'Germaniae
704 2981 890 3049 vicinitatem,
914 2978 1087 3056 quotidianis

94 3063 223 3120 exercita
249 3061 341 3133 bellis,
368 3061 448 3120 eultu
471 3071 500 3119 et
527 3059 637 3118 feritate
660 3077 718 3117 non
746 3058 867 3118 multllm
895 3058 1087 3116 aGermanis

94 3139 257 3279 (ἓῆοτξὴα,
283 3159 377 3216 neque
404 3140 543 3218 imperata
568 3157 705 3214 unquam,
733 3139 788 3196 nisi
820 3138 949 3197 exercitu
975 3145 1132 3204 coaetaaa

124 3220 170 3278 oie
193 3229 230 3278 at

134 3298 252 3358 xxvl.
294 3297 414 3356 Interim
448 3297 482 3356 O.
511 3297 653 3356 Caninius
682 3297 803 3375 legatus,
838 3313 925 3371 quum
951 3277 1102 3369 magnam¹

95 3378 310 3436 multitudinem
336 3375 505 3435 convenisse
526 3377 650 3435 bostium
676 3377 707 3434 in
728 3377 801 3434 lines
824 3373 977 3472 Pletonum
998 3371 1087 3462 literis

94 3455 717 3614 bttitltfflsslntttfftffiitt
730 3453 1131 3609 submittatis

93 3615 274 3696 deiecisset)
299 3617 336 3675 ad
358 3613 494 3692 oppidum
518 3613 679 3672 Lemonum
703 3610 858 3671 oontendit.
906 3609 978 3674 Qud
998 3629 1086 3688 quum

95 3695 274 3765 adventaret,
308 3705 392 3770 atque
417 3711 455 3751 ex
485 3692 605 3768 captivis
631 3691 740 3751 eertibs
764 3702 960 3768 eognosoeret,
989 3690 1085 3748 multis

94 3769 247 3831 amrinum
261 3771 414 3832 millibnss
427 3771 590 3839 Dmnnaoe,
605 3772 680 3829 deos
694 3769 834 3840 Andium,
843 3769 995 3830 Duratium
1008 3768 1084 3824 dsu-

95 3863 163 3910 sum
189 3847 312 3910 lernou
332 3851 509 3988 qurrgnuffl
540 3865 634 3928 nsque
656 3849 785 3910 infirmas
806 3850 935 3930 leg‘ones
956 3844 1084 3906 boetibm
