2564 4422
171 353 212 417 ω
373 357 377 364 ·
534 345 583 401 on
599 345 716 398 nunno
734 343 893 398 simeo

221 491 322 560 tinere,
336 499 375 563 et,
395 507 447 568 pro
467 489 564 549 nativo
583 507 666 548 muro
683 489 837 566 obiectam,
858 487 1020 546 cheruseos
1034 485 1072 546 ab
1096 489 1210 558 Suavis,

221 571 331 630 Suevos
344 569 381 628 ab
392 569 561 637 Cheruscis,
575 568 686 644 injuriis
699 566 966 642 incursionibusque
982 565 1153 642 prohibere:
1176 569 1210 626 ad

180 709 199 779 p
219 650 282 726 ejus
298 648 412 786 ipitium
432 649 517 724 sylva
539 649 647 707 Suevos
659 647 812 706 adremum
825 645 1024 705 &manorum
1041 657 1211 722 exspectare

14 766 19 781 .
221 738 312 788 ooustr
326 727 420 786 uisse!
487 780 490 787 .

1 789 11 841 ⁴·
188 813 207 867 5
260 806 317 866 XI.
357 805 505 869 Quoniam
519 805 556 862 ad
566 805 644 862 hune
657 804 753 863 loeum
766 813 934 880 perventum
946 812 1000 871 est,
1010 821 1070 860 non
1082 803 1210 862 alienum
1263 799 1267 812 '

221 905 285 944 esse
295 885 415 952 videutr,
425 884 462 942 de
475 883 577 942 Gallie
590 883 810 959 Germaniisque
822 881 958 950 moribus,
968 891 998 939 et
1010 900 1067 958 quo
1077 882 1211 942 differant

222 983 264 1024 ee
285 965 416 1024 nationes
428 963 501 1020 iuter
522 981 596 1035 sese,
609 981 776 1040 proponere.
827 960 863 1020 In
876 960 971 1019 Gallil
992 979 1051 1018 non
1065 958 1159 1020 solitnr
1180 962 1209 1020 iu

221 1043 354 1103 omnibus
367 1040 540 1110 eivitatibur,
555 1051 639 1117 atque
659 1041 690 1100 iu
702 1040 837 1100 omnibus
848 1039 931 1116 pagis
949 1038 1145 1115 partibusque,
1160 1042 1208 1100 aed

198 1119 295 1197 --peuti
316 1120 404 1179 etiam
430 1119 460 1177 in
487 1120 607 1197 singulis
630 1119 762 1178 domibus
789 1119 929 1176 faotiones
948 1127 1030 1176 sunt:
1054 1136 1208 1196 earumque

171 1204 206 1260 10
221 1199 378 1258 actionum
396 1198 542 1276 prinsipes
562 1197 709 1273 sunt,lqui
729 1215 870 1255 summum
892 1197 1091 1256 auctoritatem
1110 1217 1207 1256 eorum

218 1277 329 1355 judicio
341 1279 448 1338 habere
455 1278 663 1343 existimantur,
674 1294 793 1354 quorum
807 1275 844 1333 ad
855 1275 1004 1333 arbitrium
1011 1275 1103 1352 judiei
1192 1296 1208 1336 e

220 1343 332 1415 sumrira
354 1357 482 1416 omnium
502 1373 597 1412 rerum
617 1349 857 1430 consiliorumque
876 1351 998 1412 redeat.)
1033 1295 1208 1433 quuimillr

220 1433 262 1492 rei
271 1435 359 1492 sauri
372 1433 528 1507 antiquitus
536 1431 697 1490 institutum
712 1432 831 1501 ridetur,
843 1433 954 1530 nequis
968 1433 1100 1510 explebe
1108 1451 1208 1493 eontra

219 1510 408 1586 potentiorem
421 1510 520 1570 auxilii
532 1521 647 1587 egeret:
656 1495 735 1570 Qnuos
753 1505 832 1570 euim
845 1507 965 1592 qlusque
1015 1503 1099 1588 primi
1112 1523 1144 1572 et
1156 1513 1209 1572 oir-

171 1593 205 1648 15
220 1589 378 1648 onmreniri
392 1607 451 1650 non
460 1576 576 1666 pilitur,
587 1609 691 1665 neque,
703 1591 783 1649 aliter
794 1590 819 1649 si
829 1590 948 1664 satiant,
958 1591 998 1648 ull
1057 1591 1131 1650 inter
1145 1611 1209 1651 snos

220 1667 328 1728 habent
343 1665 550 1729 aueto‘rltatem.
592 1668 667 1728 Haeo
682 1671 784 1729 eadem
799 1669 872 1728 retio
887 1681 931 1728 est
951 1670 981 1728 iu
997 1671 1209 1730 summatenus

220 1747 338 1808 Gallie:
358 1767 482 1826 namque
495 1767 596 1810 omnes
609 1749 739 1809 civitates
752 1750 782 1808 in
796 1759 891 1827 partes
904 1747 1001 1808 divise
1015 1760 1083 1808 sunt
1094 1751 1177 1809 duas.

259 1826 332 1886 XII.
372 1828 475 1892 Quum
498 1829 597 1888 Caesar
620 1829 650 1887 in
671 1829 796 1888 Galliam
822 1827 909 1898 venit,
934 1828 1051 1918 alterius
1076 1829 1209 1889 factionis

169 1985 206 2042 ω
219 1907 587 2064 „illd
601 1907 890 2048 m
932 1905 1209 1985 ΗΡΘ*

220 2063 335 2131 AEduis,
359 2083 528 2142 magnaque
548 2083 648 2123 eorum
668 2075 751 2123 erant
771 2065 923 2138 clientelae,
943 2065 1104 2128 Germanos
1125 2077 1210 2143 atque

220 2141 395 2202 Ariovistum
421 2143 477 2200 sibi
500 2142 700 2218 adjunxerant,
720 2162 826 2220 eosque
850 2145 886 2203 ad
910 2163 941 2202 se
961 2144 1076 2221 magnis
1090 2145 1210 2223 jacturis

218 2217 526 2295 pollicitationibusque
545 2221 747 2296 perduxerant.
796 2222 906 2280 Preliis
926 2221 994 2282 verd
1016 2223 1210 2299 compluribus

218 2295 301 2354 aeus
321 2297 466 2366 secundis,
491 2308 576 2372 atque
595 2299 675 2356 omni
692 2299 841 2358 nobilitate
862 2300 1026 2359 AEduorum
1046 2301 1209 2371 interfecta,

167 2370 330 2434 astantum
343 2375 471 2451 potentia
492 2386 715 2444 anteoesserant,
729 2387 762 2435 ut
780 2395 917 2454 magnam
929 2389 1040 2454 partem
1060 2379 1210 2439 clientium

219 2451 374 2520 diffluis
391 2455 428 2512 sd
450 2473 481 2514 so
498 2453 727 2524 transducerent,
741 2455 911 2532 obsidesque
935 2457 972 2514 ab
990 2456 1027 2516 iis
1046 2458 1214 2536 principum

218 2531 291 2592 lilios
313 2533 487 2612 acciperent,
501 2545 530 2593 et
549 2531 665 2625 publied
684 2533 781 2612 jurare
802 2546 949 2613 eogereut,
963 2535 1036 2594 nihil
1057 2556 1089 2595 se
1109 2549 1211 2598 eontra
1261 2581 1264 2590 ·

218 2611 368 2689 Sequanos
387 2613 500 2672 oonsilii
521 2613 657 2684 inituros3
679 2623 709 2671 et
728 2624 838 2690 partem
858 2613 973 2672 finitimi
994 2615 1066 2693 agri,
1086 2617 1210 2694 pervim
1279 2659 1280 2664 κ

217 2705 397 2769 occupatam,
415 2693 602 2769 possiderent,
616 2692 774 2768 Galliaeque
787 2692 874 2751 totius
893 2693 1084 2771 principamrn
1096 2695 1211 2754 obtine-

166 2771 203 2831 30
218 2780 290 2828 rent.
311 2767 401 2845 (uus
421 2771 593 2829 neeessitate
617 2771 758 2829 adductus
778 2770 950 2842 Divitiaeus,
972 2771 1069 2832 anxilii
1089 2776 1210 2848 petendi

217 2848 306 2906 eausa
333 2847 458 2906 Romam
485 2849 522 2908 ad
547 2849 686 2906 Senatum
711 2849 865 2925 proleotus,
887 2849 995 2911 iufeotl
1017 2869 1048 2910 re
1073 2851 1209 2912 redierat.

216 2925 354 2988 Adventu
366 2926 490 2986 Cesarir
500 2928 578 2987 saort
591 2929 813 2988 eommutatioue
824 2949 930 3005 rerum,
943 2931 1091 2990 obsidibus
1104 2929 1210 2992 AEduis
1223 2923 1227 2932 ’
1278 2979 1279 2982 ,

216 3006 344 3078 redditis,
366 3007 513 3104 'veteribus
537 3007 680 3099 olieqtelis
703 3008 850 3078 restitutis,
877 3011 965 3102 trevis⁸
984 3029 1035 3087 per
1062 3009 1228 3076 Cesaram·
1263 2999 1270 3038 l

24 3139 35 3201 ι
101 3203 103 3210 .
217 3085 618 3222 <
631 3088 721 3242 aa
738 3100 1211 3245 emtis

217 3243 311 3324 baut),
332 3242 447 3320 reliquis
464 3244 551 3302 rebus
564 3263 673 3312 eorum,
687 3246 790 3322 gratii,
804 3247 1001 3324 dignitateque
1022 3247 1209 3323 amplificata,

217 3322 345 3398 Sequani
369 3322 562 3401 principatum
583 3323 761 3384 dimiserant.
811 3326 848 3386 lu
875 3345 974 3386 eorum
1000 3326 1094 3384 locum
1117 3323 1211 3385 Remi

216 3415 430 3462 mommerantt
463 3422 534 3479 quos
558 3401 636 3479 qudd
664 3403 813 3480 adequare
840 3406 916 3483 apud
942 3405 1086 3462 Cesaram
1112 3405 1211 3478 gratia

216 3473 437 3556 intelligebatur,
452 3483 483 3552 ii,
505 3482 553 3560 qui
573 3493 687 3564 propter
706 3493 817 3544 veteres
836 3481 1001 3544 inimititias
1020 3479 1101 3538 nullo
1120 3484 1210 3543 modo

165 3555 201 3612 tt
216 3570 284 3612 oum
297 3557 401 3619 AEduis
419 3562 556 3640 oonjnngi
576 3572 717 3639 poteraut,
732 3581 762 3621 se
784 3563 887 3626 Remis
904 3563 934 3621 in
947 3557 1113 3618 clientelam
1128 3560 1209 3622 diea-

216 3629 294 3690 bent-
336 3635 398 3695 llos
412 3640 792 3720 illidiligentertuebauturl
830 3643 877 3704 Ite
889 3652 918 3700 et
930 3655 1033 3697 novam
1046 3648 1077 3696 et
1084 3641 1206 3717 repente

216 3710 365 3770 collaetam
387 3722 585 3780 austeritatem
605 3721 751 3780 tenebant.
793 3721 837 3780 llo
856 3731 917 3778 tum
934 3728 1010 3777 statu
1022 3731 1155 3788 reserat,
1173 3729 1206 3778 ut

216 3790 302 3931 llqugd
315 3787 459 3930 pffipffl
473 3799 646 3860 haberentur
655 3799 760 3873 AEdui
774 3799 934 3869 seeundum
946 3798 1043 3859 lotum
1056 3797 1206 3877 dignitatis
1276 3813 1277 3816 ’

248 3890 336 3932 euuo
398 3881 488 3932 erent,
637 3886 654 3910 ··'
