2564 4422
463 328 571 380 tunna
589 320 765 382 OO'I'AVUS.
1104 325 1162 386 136

119 475 167 536 his
184 473 270 532 rebus
290 472 327 530 ad
346 471 492 530 Cesarem
512 471 607 548 legati.
654 471 743 530 Jubet
764 490 843 530 arma
864 472 947 540 tradi,
968 470 1112 548 principes

118 552 249 631 produci.
292 550 359 626 Ipse
373 549 403 607 in
425 549 583 608 munitione
603 570 656 626 pro
668 550 769 608 castris
789 551 938 609 consedit:
965 549 1002 608 eb
1023 552 1112 608 duces

118 632 333 710 producuntur:
355 628 576 704 Vercingetorix
590 629 713 697 deditur,
728 629 1018 706 armaprojiciuntur.
1053 629 1113 687 Re-

120 708 240 769 servatis
254 707 360 766 AEdnis
373 717 458 782 atque
472 707 620 774 Arvernis,
635 707 659 763 ai
675 727 724 782 per
738 727 788 764 eos
801 707 930 764 civitates
943 727 1112 783 recuperare

119 799 225 866 posset,
240 803 277 844 ex
290 785 407 860 reliquis
425 783 547 861 captivis
560 793 618 843 toto
631 784 768 842 exercitu
775 785 870 860 capita
883 784 997 861 singula
1009 787 1112 861 praedae
1139 787 1157 840 ⁵

120 867 239 926 nomine
252 862 407 922 distribuit.

160 945 227 1004 XC.
268 939 325 1003 His
344 943 430 1000 rebus
443 942 592 1010 conlectis,
614 941 645 999 in
659 941 771 1000 AEduos
789 941 994 1018 proficiscitnr;
1015 944 1113 1004 cirita·

82 1043 84 1046 ·
120 1037 181 1092 teni
194 1022 302 1100 recipit
344 1020 389 1079 Εὸ
409 1021 497 1098 legati
518 1022 555 1080 ab
568 1020 707 1080 Arvernis
719 1020 809 1090 missi,
822 1040 890 1100 quae,
906 1021 1067 1099 imperaret,
1081 1042 1113 1082 se

49 1131 53 1138 ·
120 1103 247 1163 facturos
266 1099 445 1178 pollicentur.
487 1099 614 1176 Imperat
636 1119 774 1176 magnum
796 1117 948 1159 numerum
970 1101 1112 1163 obsidum.

120 1181 266 1257 Legiones
287 1179 317 1238 io
339 1180 468 1255 hyberna
487 1179 590 1237 mittit:
611 1178 787 1255 captivorum
808 1179 923 1238 circiter
941 1180 1002 1238 XX
1023 1179 1164 1240 miniato

121 1260 228 1319 AEduis
241 1257 434 1334 Arvernisque
452 1257 564 1316 reddit:
586 1257 624 1315 T.
639 1257 800 1316 Labienum
818 1277 887 1318 cum
906 1258 938 1316 ΙΙ
951 1259 1113 1335 legionibus

121 1350 152 1398 et
164 1338 292 1414 equitatu
305 1337 335 1394 in
347 1338 495 1412 Sequanos
505 1335 648 1412 proficisci
659 1336 741 1413 jubet
752 1356 759 1393 ε
781 1336 849 1394 huic
858 1336 899 1396 M.
912 1338 1113 1415 Sempronium

121 1417 267 1478 Rutilium
279 1415 422 1474 attribuit:
444 1415 479 1473 C.
494 1415 618 1474 Fabium
631 1426 660 1474 et
673 1415 706 1474 L.
722 1415 886 1474 Minucium
894 1416 1031 1485 Basilum,
1046 1435 1130 1474 enm*

120 1496 156 1556 11
169 1495 330 1572 legionibus
342 1495 373 1553 in
395 1493 497 1552 Remis
510 1494 641 1562 collocat,
656 1514 693 1553 ne
706 1514 792 1570 quam
814 1514 832 1552 a
844 1494 973 1554 finitimis
986 1495 1114 1554 Bellova-

120 1575 167 1634 cis
181 1574 371 1632 calamitatem
386 1572 538 1650 accipiant
580 1573 615 1630 0.
629 1573 788 1632 Antistium
802 1572 951 1649 Reginum
970 1574 999 1631 in
1014 1571 1165 1640 umbi-1⁵,

119 1664 245 1721 varetos,
267 1652 305 1709 Τ.
320 1652 449 1710 Sextium
468 1653 498 1710 in
519 1651 672 1727 Bituriges,
687 1651 722 1709 C.
744 1651 901 1708 Caninium
922 1651 1061 1709 Rebilum
1081 1653 1113 1710 in

34 1729 36 1734 ’
121 1733 258 1792 Rutenos
270 1751 338 1790 cum
351 1731 471 1808 singulis
485 1729 648 1808 legionibus
661 1729 756 1788 mittit
796 1728 837 1791 Q.
852 1728 983 1786 Tullium
996 1728 1114 1788 Cicero·

121 1831 191 1870 nem
211 1821 241 1868 et
263 1810 296 1869 P.
322 1809 482 1886 Sulpicium
503 1809 648 1868 Cabilloni
669 1819 698 1866 et
719 1807 881 1867 Matiscone
904 1807 933 1864 in
948 1806 1052 1865 AEduis
1076 1808 1114 1865 ad
1156 1807 1162 1822 '

86 1947 91 1960 ,
122 1889 250 1958 Ararim,
284 1889 326 1948 rei
359 1888 551 1948 frumentariae
578 1888 677 1956 causti,
701 1887 832 1950 collocat.
886 1885 952 1962 Ipse
979 1885 1113 1948 Bibracte

122 1970 258 2046 hyemare
268 1967 424 2027 constituit.
466 1967 522 2025 His
531 1965 720 2026 rebusliteris
729 1965 853 2024 Caesaris
866 1965 989 2042 cupitis
999 1961 1158 2034 Romam

123 2043 235 2107 dieruin
248 2046 310 2105 XX
324 2045 493 2122 snpplicatio
506 2045 653 2134 indicipur.
692 2115 695 2125 1

210 2155 215 2176 ι
586 2128 617 2152 ¹¹*
645 2133 677 2150 '¹'
906 2133 913 2168 l

418 2624 473 2682 na
493 2621 828 2714 nannopannrco

518 2799 633 2855 LIBER
651 2799 731 2854 Vlll.

359 3077 401 3134 .,
434 3058 623 3110 rnmramo
639 3059 672 3107 r.
689 3053 813 3131 amru.

567 3189 679 3203 m

167 3287 311 3347 Coresus
339 3287 538 3349 assiduistuis
565 3288 692 3358 vocibus,
716 3288 816 3360 Balbe,
840 3305 928 3363 quum
953 3283 1119 3362 quotidiana

126 3385 192 3424 mea
218 3367 363 3429 recusatio
388 3386 447 3425 non
473 3366 650 3424 difficultatis
678 3366 904 3433 excusationem,
931 3365 982 3422 sed
1008 3363 1119 3424 inertiae

126 3444 270 3504 rideretur
294 3446 525 3522 deprecationem
553 3445 669 3514 babere,
691 3445 889 3504 difficillimam
913 3463 974 3502 rem
995 3444 1117 3521 suscepi.

127 3523 252 3582 cesaris
276 3524 365 3582 nostri
389 3523 618 3582 Commentarios
640 3544 735 3583 rernm
759 3533 903 3601 gestarum
924 3522 1036 3591 Gallie,
1060 3529 1163 3586 non2⁵

127 3603 338 3678 comparandos
357 3602 549 3679 superioribus
571 3614 653 3679 atque
676 3600 891 3680 insequentibus
910 3602 973 3678 ejus
996 3601 1118 3679 scriptis,

128 3681 527 3758 contexui,·norissimumqne
548 3681 745 3758 imperfectum
766 3680 803 3739 ab
820 3681 906 3739 rebus
926 3681 1015 3758 gestis
1033 3679 1120 3738 Alex·

129 3759 236 3817 andriae
258 3760 373 3817 oooseoi
394 3779 484 3836 usque
506 3761 542 3818 ad
562 3761 669 3819 exitum
684 3780 743 3820 non
762 3759 878 3835 quidem
899 3761 991 3819 civilis
1012 3758 1120 3817 disson·

127 3836 224 3908 tionis,
239 3838 323 3916 cujus
337 3839 425 3898 finem
445 3839 556 3900 nullum
569 3834 707 3908 videmus,
722 3840 773 3898 sed
786 3838 851 3898 vite
865 3838 995 3898 Castris.
1035 3831 1119 3894 Quos
