2564 4422
441 329 550 385 runnu
563 331 742 384 servisne
814 335 819 350 ⁸
1033 341 1037 350 ·
1077 341 1138 402 η

96 473 277 542 Narbonem,
311 491 376 548 quae
409 471 476 534 loca
501 473 629 536 hoenbue
660 485 744 534 eram
769 474 901 546 finitima,
923 477 1089 539 constituat

96 563 208 690 mm
228 551 377 628 copiarum
397 570 433 608 ex
455 551 616 620 Provincia,
636 553 931 630 supplementumque,
955 560 1037 633 quod*
1053 578 1090 618 ex

160 631 166 642 '
199 627 549 699 adduxeratinllelvios,
557 631 694 710 quilines
704 633 899 692 Arvernorum
909 636 1088 714 contingunt,

98 709 252 770 mvenire
263 709 355 786 jubet-

78 796 81 809 *
138 787 224 846 VIII.
267 788 323 846 His
348 787 435 844 rebus
460 787 642 862 comparatis,
669 806 797 866 represso
820 790 1037 866 jam·Lucterio
1058 807 1089 856 et
1113 800 1133 853 5

96 864 301 940 remotaquod
310 866 416 924 inuare
425 865 500 924 intra
508 866 838 941 prasidiapericuloeum
846 871 972 945 putabat,
981 871 1010 928 in
1019 873 1090 932 Hel-

96 943 159 1002 vioe
170 944 375 1020 proficiscitur:
396 943 542 1002 etsimons
550 943 697 1012 Cevenna,
706 946 915 1020 qui'Arverncs
929 950 965 1006 ab
979 949 1090 1010 Helviis

97 1023 248 1088 discludit,
260 1021 410 1080 durissimo
423 1031 550 1096 tempore
565 1023 643 1089 anni,
658 1023 795 1084 altissimi
809 1027 874 1086 nive
888 1029 941 1088 iter
954 1027 1090 1104 impedie-
1174 1043 1180 1049 ’

36 1145 41 1156 .
98 1101 169 1170 hat;
190 1111 286 1160 tamen
300 1099 428 1156 discussa
441 1099 507 1158 nive
521 1099 565 1157 VI
586 1100 616 1158 in
629 1101 809 1162 altitudinem
822 1107 938 1181 pedum,
954 1116 1036 1182 atquc
1051 1109 1091 1166 ita

98 1178 157 1236 viis
177 1177 338 1254 patefactis,
357 1197 465 1236 summo
485 1177 608 1236 militum
629 1180 725 1240 labore
748 1183 784 1239 ad
805 1183 877 1242 lines
897 1186 1133 1244 Mvernommld

96 1257 240 1334 pervenit
281 1256 396 1318 Quibus
406 1256 548 1333 oppressis
568 1257 791 1334 inopinantibus,
806 1262 883 1337 qudd
896 1283 926 1320 se
940 1264 1089 1332 Gevennd,

90 1347 131 1394 ut
151 1355 245 1408 muro,
267 1335 392 1394 munitos
411 1335 622 1416 exuumabaut,
638 1357 673 1396 ac
693 1357 730 1396 ne
751 1340 889 1417 singulari
902 1342 1017 1416 quidem
1038 1363 1090 1400 rm-

98 1433 185 1490 quam
206 1413 316 1472 homini
336 1434 372 1472 eo
391 1424 519 1490 ternpore
541 1416 610 1474 enni
630 1417 739 1476 semitae
759 1431 926 1494 patueraut3
948 1421 1090 1497 equitibus

99 1493 230 1569 imperat,
244 1503 286 1560 ut,
299 1492 385 1568 quim
406 1492 544 1552 latissima
558 1506 683 1570 possent,
699 1511 846 1572 vagentur,
861 1511 890 1557 et
903 1499 988 1575 quarn
1002 1499 1091 1560 maxi·

97 1590 182 1630 mum
205 1572 331 1630 hostibus
356 1583 493 1630 terrorem
517 1573 649 1632 inferant.
699 1575 840 1634 Celeriter
866 1579 929 1636 hec
952 1578 1029 1637 sami
1055 1577 1133 1638 aad}

97 1649 221 1708 nunciis
244 1650 279 1707 ad
304 1650 571 1727 Vercingetorigem
596 1653 796 1728 perferuntur:
830 1673 916 1729 quem
948 1658 1089 1731 perterriti

96 1747 204 1788 omnes
225 1729 580 1788 Arverni'circumsistunt
606 1741 689 1814 atque
709 1733 871 1800 obsecrant,
887 1731 942 1790 ‘Ut
956 1735 1014 1789 auis
1035 1735 1090 1790 for·

97 1807 180 1866 tuuis
192 1807 330 1875 consulat,
351 1827 410 1866 neu
431 1827 461 1866 se
476 1808 512 1866 ab
526 1809 654 1868 hostibus
675 1809 759 1885 diripi
772 1810 912 1885 patiatur3
933 1811 1088 1886 praesertim

96 1899 188 1961 quum
209 1885 304 1944 videat
323 1905 409 1944 omne
424 1886 460 1945 ad
474 1907 512 1944 se
534 1887 639 1946 bellum
660 1889 846 1946 translatum!
887 1889 1021 1950 Quorum
1041 1889 1088 1946 ille

97 1964 233 2062 precibus
252 1975 406 2042 permotus,
420 1976 516 2024 castra
535 1985 572 2023 ex
589 1966 766 2043 Biturigibus
786 1979 880 2026 movet
901 1968 930 2024 in
945 1968 1132 2028 Arvernosffl

97 2061 207 2101 versus.
477 2094 483 2105 .
710 2066 714 2074 ‘

139 2121 195 2180 tx,
237 2122 278 2179 At
291 2121 400 2191 Caesar,
414 2122 533 2182 biduum
548 2123 578 2180 in
599 2122 634 2180 iis
647 2124 719 2182 locis
736 2136 871 2194 moratus,
886 2124 963 2201 qudd
977 2126 1039 2183 haec
1053 2126 1089 2183 de

97 2199 337 2278 Vercingetorige
358 2220 411 2258 usu
425 2213 545 2260 ventura
556 2202 690 2279 opinione
710 2209 894 2283 preceperat,
907 2224 958 2282 per
972 2223 1088 2262 causam
1175 2217 1188 2238 '

97 2279 289 2354 supplementi
309 2279 508 2362 equitptvirque
521 2283 644 2357 cogendi
666 2284 702 2340 ab
715 2286 843 2343 exercitu
856 2285 995 2354 discedit3
1017 2285 1089 2343 Bru·
1163 2294 1166 2309 ¹

97 2367 160 2416 tum
190 2359 399 2418 adolescentem
425 2359 460 2416 iis
483 2361 573 2435 copiis
598 2362 738 2436 prmfieit;
768 2364 845 2419 hunc
872 2375 978 2429 monet,
1003 2374 1034 2421 ut
1057 2363 1133 2423 in&
1274 2426 1275 2434 ,

96 2455 200 2494 ornnes
220 2448 313 2512 partes
334 2437 444 2512 equites
464 2436 550 2513 quarn
569 2439 707 2497 latissime
731 2452 934 2516 pervagentur:
955 2442 1087 2500 daturum
1266 2435 1275 2473 l

97 2533 128 2572 sa
141 2515 268 2591 operam,
283 2534 321 2573 ne
334 2515 449 2591 longilrs
461 2517 556 2574 triduo
570 2519 606 2575 ab
619 2518 720 2575 castris
734 2517 814 2590 absit.
858 2517 913 2573 His
927 2519 1088 2576 connitaris

97 2593 196 2661 rebus,
220 2593 279 2652 suis
302 2594 528 2670 inopinantibus,
552 2595 638 2672 quim
661 2594 793 2652 maximis
813 2604 907 2670 potest
928 2594 1086 2667 itineribus,

97 2671 245 2730 Viennam
267 2673 405 2748 pervenit.
456 2673 502 2731 Ibi
523 2686 625 2732 nactus
646 2683 791 2738 recentem
812 2672 978 2748 equitatum,
1003 2691 1086 2746 qnam

96 2751 196 2809 multis
217 2750 285 2810 ante
307 2751 409 2808 diebus
422 2750 458 2810 ed
478 2753 662 2828 premiserat,
685 2771 777 2826 neque
791 2752 894 2809 diurno
913 2769 1006 2826 neque
1020 2754 1132 2808 noc-30

98 2839 183 2889 turno
209 2829 312 2888 itinere
335 2829 507 2901 intermisso,
533 2851 584 2906 per
610 2832 682 2890 lines
705 2831 865 2889 AEduorum
889 2829 918 2888 in
943 2830 1088 2906 Lingones
1144 2897 1147 2904 ,

99 2907 258 2974 contendit,
283 2908 332 2964 ubi
353 2908 385 2966 II
401 2909 533 2985 legiones
555 2911 744 2984 hyemabunt3
765 2921 806 2977 ut,
829 2909 933 2984 siquid
951 2909 1088 2968 etiamde

98 2987 150 3044 sud
163 2986 257 3046 salute
279 2987 315 3044 ab
330 2986 433 3044 AEduis
454 2987 574 3046 iniretur
587 2988 709 3054 consilii,
731 2989 876 3046 celeritate
894 2997 1086 3062 precurreret
1144 3034 1150 3048 s

98 3063 142 3122 Ed
156 3083 246 3140 quum
260 3066 443 3140 pervenisset,
465 3067 501 3124 ad
514 3065 637 3142 reliquas
650 3065 777 3142 legiones
797 3066 892 3133 mittit,
906 3063 1039 3142 priusque
1058 3066 1088 3124 in

98 3162 189 3202 tanum
212 3142 308 3202 locum
327 3163 429 3202 omnes
450 3145 537 3220 cogit,
555 3143 642 3220 quim
666 3145 702 3202 de
725 3145 787 3222 ejus
808 3147 930 3204 adventu
952 3145 1134 3213 Arvernis&

98 3220 234 3282 nunciati
256 3232 359 3297 posset.
409 3222 483 3280 Huic,
496 3243 527 3280 re
548 3225 674 3299 cogniti,
696 3225 915 3300 Vercingetorix
938 3241 1034 3294 rursus
1058 3222 1088 3278 iu

97 3299 245 3376 Bituriges
255 3301 413 3359 exercitum
425 3301 538 3360 reducit
549 3323 556 3372 ;
579 3313 662 3378 atque
673 3303 741 3362 inde
754 3303 896 3379 profectus
906 3299 1087 3375 Gergoviam,
1117 3313 1120 3318 '

55 3397 61 3406 ·
97 3377 236 3438 Boiorum
258 3373 405 3456 oppidum,
429 3398 500 3455 quos
522 3380 563 3438 ibi
587 3381 738 3441 Helvetico
760 3380 858 3458 praelio
879 3379 967 3436 vicurs
989 3378 1088 3438 Caesar

95 3455 298 3525 collocaverat,
314 3457 473 3534 AEduisque
488 3459 664 3528 attribuerat,
677 3478 842 3536 oppugnare
857 3456 985 3514 instituit.

141 3534 180 3593 X.
220 3533 360 3613 Magnam
378 3537 441 3598 neo
462 3557 508 3598 res
531 3539 639 3597 Oaesari
661 3538 857 3596 difficultatem
879 3536 915 3593 ad
936 3537 1133 3604 conationes

95 3613 273 3690 capiendum
288 3616 441 3676 afferebat:
462 3616 487 3674 si
506 3616 643 3695 reliquam
663 3627 772 3693 purtem
786 3613 896 3690 hyemis
909 3634 968 3674 uno
981 3616 1011 3675 in
1025 3617 1088 3676 loco

93 3691 228 3769 tegioms
252 3695 425 3763 coacuerat,
452 3715 500 3763 ne,
520 3696 715 3772 stipendiariis
729 3694 888 3754 AEduornm
907 3696 1086 3774 expugnatis,

92 3783 207 3837 ennete
217 3773 317 3836 Gellia
336 3773 481 3842 deiiceret,
495 3773 572 3850 qubd
586 3775 695 3833 nullum
716 3773 817 3832 amieis
830 3773 861 3832 in
874 3793 910 3834 eo
923 3775 1087 3851 presidium

94 3851 430 3930 musmonem
451 3851 1088 3932 menmiumhyoernsaammmm
