2564 4422
434 373 543 461 arans
558 375 734 428 octavos.
910 365 917 384 ‘
1077 383 1130 448 ttt

89 519 225 582 dimicari
238 516 301 576 sine
315 537 346 576 se
359 517 495 576 voluerat.
537 519 678 580 ludantur
692 531 776 598 atque
790 520 945 584 incitamur
959 525 1082 588 bostium

90 599 181 658 animi
189 597 746 698 secundopreli0‚prinoipeetprefecto
754 599 1081 679 Remomtuinteri'ecto,

89 677 237 752 nostrique
251 676 423 734 detrimento
444 677 642 747 admonentur,
656 679 824 756 diligentiis
836 681 988 757 exploretis
1001 683 1081 755 locis,
1132 681 1141 750 ,’

90 757 229 816 nationes
243 755 405 831 disponere,
420 773 455 813 ac
475 755 650 816 moderatius
663 759 815 818 cedentem
835 759 946 836 insequi
964 762 1073 822 bostem
1201 820 1205 835 ,

128 833 221 894 XIII.
264 833 333 892 Nou
355 834 516 892 intermittit
536 836 650 894 interim
671 837 838 914 quotidiana
853 839 951 914 prelia
964 841 994 897 in
1014 860 1083 900 con
1108 847 1126 904 t
1164 851 1168 855 “

91 925 192 991 spectu
219 923 404 988 utrorumque
439 923 607 982 castrorum,
634 933 697 991 qne
732 916 768 972 ad
794 917 879 978 voda
892 917 1083 996 transitusque

91 993 199 1051 fiebant
219 991 340 1068 paludis.
381 991 453 1053 Qui
473 993 662 1052 contentione
678 995 815 1053 Germani
835 993 918 1074 (quos
934 1015 968 1074 pr
1005 1008 1084 1058 tersa

91 1072 190 1131 Gestar
203 1072 370 1128 traduxerat
383 1069 532 1140 Rhenum,
546 1082 578 1130 ut
595 1073 738 1148 equitibus
752 1071 910 1152 interpositi
922 1093 981 1153 pre
992 1077 1085 1134 iaren·

90 1152 162 1230 tur,)
177 1169 266 1225 quum
274 1148 454 1209 constantius
467 1150 591 1208 universi
598 1151 733 1228 paludem
741 1153 919 1227 nmsissent,
927 1155 1083 1232 paucisque

91 1229 291 1288 resistentibus
320 1228 479 1286 interfectis
504 1229 680 1305 pertinacibs
705 1231 844 1308 reliquam
870 1233 1128 1294 multitudinemltt

91 1317 189 1366 essem
211 1307 354 1365 insecuti:
384 1309 526 1388 perterriti
547 1327 607 1368 uon
633 1308 725 1368 solinu
752 1310 782 1379 ii,
807 1310 856 1388 qui
880 1321 929 1370 aut
951 1313 1083 1372 corninus

90 1387 335 1464 opprimebantur,
364 1396 412 1444 aut
438 1387 551 1445 eminus
577 1389 808 1458 vulnerabantur,
835 1391 887 1448 sed
913 1391 1011 1460 enam,
1033 1393 1083 1470 qui

89 1463 208 1542 longius
226 1464 377 1523 subsidiari
391 1477 608 1536 consueverant,
622 1467 742 1544 turpiter
756 1469 907 1546 sugerunt3
927 1489 984 1528 nec
1002 1471 1083 1548 prins

89 1543 184 1602 tinem
207 1544 280 1620 inge
300 1544 440 1612 lecerunt,
462 1544 539 1620 sepe
558 1547 669 1604 amissis
689 1547 882 1624 superioribus
901 1549 983 1623 locis,
996 1549 1083 1626 quin
1114 1559 1115 1562 ’
1209 1609 1212 1618 ,

90 1641 122 1682 se
153 1631 206 1680 aut
229 1623 259 1680 in
288 1633 380 1680 castra
403 1641 519 1681 suorum
541 1625 713 1701 reciperent,
735 1636 784 1683 aut
810 1627 951 1695 nonnulli,
973 1629 1083 1704 pudore
1094 1631 1129 1686 ts

90 1700 198 1769 coacti,
226 1699 338 1777 longius
364 1702 555 1778 profugerent.
605 1703 740 1765 Quorum
762 1704 958 1780 periculosis
982 1723 1086 1778 omnes

90 1781 184 1856 copiae
198 1789 264 1837 sunt
276 1781 457 1855 perturbate,
472 1791 504 1835 ut
517 1780 564 1838 vix
580 1781 704 1854 judicari
717 1792 824 1854 posset,
837 1779 934 1837 ntritm
948 1783 1083 1840 secundis

90 1858 217 1936 parvulis
243 1859 328 1916 rebus
352 1857 558 1925 insolentiores,
584 1875 620 1915 an
643 1857 768 1916 adversis
791 1857 983 1916 mediocribus
1008 1860 1083 1918 timi·

92 1937 187 1996 diores
200 1949 305 1995 essent

130 2015 217 2074 xlv.
259 2015 461 2092 Compluribus
482 2015 584 2072 diebus
604 2014 707 2074 iisdem
721 2015 752 2072 iu
773 2015 875 2073 castris
895 2014 1128 2092 consumptinffl

91 2111 180 2170 quum
199 2091 318 2172 propiis
339 2093 496 2153 accessisse
515 2093 644 2172 legiones
657 2105 686 2153 et
704 2093 741 2153 0.
756 2093 936 2153 Trebonium
955 2094 1083 2172 legatum

91 2173 312 2250 cognovisseut;
327 2174 416 2232 duces
424 2171 648 2244 bellovacorum,
660 2173 741 2234 veriti
755 2172 877 2233 similem
887 2173 1081 2236 obsessionem

92 2252 210 2327 Alesiae,
224 2262 313 2311 noctu
334 2252 482 2310 dimittunt
494 2269 553 2322 eos,
567 2271 638 2330 quos
652 2264 701 2312 aut
722 2263 805 2312 rotate
827 2264 876 2313 aut
889 2253 997 2312 viribus
1010 2254 1082 2313 inle-

91 2331 191 2400 riores,
214 2342 263 2390 aut
285 2331 410 2390 inermes
430 2331 584 2400 habebant,
599 2331 713 2408 unique
735 2332 845 2406 reliqua
865 2333 1078 2410 impedimenta.

91 2408 226 2472 Quorum
249 2412 445 2486 perturbatum
470 2422 500 2469 et
523 2410 673 2469 conlirsum
699 2410 768 2466 dum
794 2410 939 2484 explicant
965 2415 1127 2487 tegmem&

93 2488 215 2566 (magna
239 2490 318 2548 enim
351 2489 502 2549 multitudo
535 2507 681 2548 carrorum
708 2487 796 2544 mam
828 2488 976 2562 expeditos
1001 2490 1082 2564 sequi

90 2567 191 2626 Gallos
212 2569 386 2650 consuevit)
399 2569 526 2646 oppressi
547 2568 622 2635 luce,
637 2566 735 2642 copias
755 2575 928 2622 mutatorum
950 2583 1002 2640 pro
1021 2567 1081 2622 suis

91 2645 238 2705 instruunt
259 2648 370 2716 castris,
391 2667 429 2706 ne
452 2645 532 2724 priirs
552 2645 679 2705 Romani
702 2643 833 2721 persequi
857 2661 887 2701 se
911 2643 1080 2718 inciperent,

91 2723 180 2800 quim
199 2725 314 2804 longius
338 2745 441 2803 agmen
465 2726 732 2803 impedimentorum
753 2739 868 2782 suorum
887 2719 1080 2800 processisset

93 2805 133 2862 At
159 2805 258 2864 Cesar
281 2823 375 2881 neque
397 2806 561 2864 resistentes
585 2801 804 2882 aggrediendos,
826 2819 919 2878 neque
947 2799 1128 2859 cedentesott

91 2893 173 2941 tento
192 2883 273 2942 collis
288 2902 409 2942 ascensu
422 2884 605 2942 lacessendos
625 2883 775 2960 judicabat
786 2902 793 2953 ;
804 2901 908 2958 ‘neque
921 2899 979 2938 non
993 2897 1082 2953 usque
1213 2883 1216 2890 '

91 2961 127 3020 sd
143 2961 272 3040 legiones
287 2964 487 3030 admovendas,
502 2961 695 3030 utdiscedere
707 2979 745 3018 ex
757 2977 792 3018 eo
804 2959 869 3018 loco
881 2959 943 3016 sine
956 2956 1082 3034 periculo

91 3040 218 3109 barbari,
230 3041 367 3099 militibus
381 3040 562 3109 instantibus,
574 3058 632 3097 non
645 3049 769 3114 possent.
811 3037 965 3113 lta‚quum
978 3033 1082 3112 palude
1151 3075 1159 3090 .

91 3119 231 3198 impediti
253 3119 384 3178 acastris
405 3131 499 3178 eastra
508 3117 721 3184 dividerentur,
738 3116 814 3194 (que
827 3114 995 3175 nauseandi
1010 3113 1083 3174 diffi-

91 3197 186 3258 cultas
199 3199 376 3258 celeritatem
389 3197 558 3274 insequendi
571 3197 685 3266 tardme
697 3196 817 3277 posset)
832 3207 916 3272 atque
929 3195 959 3252 id
970 3194 1081 3283 jugum,
1092 3195 1128 3251 ὦ

90 3277 168 3354 quod
201 3287 280 3336 trans
304 3277 439 3354 paludem
471 3275 546 3354 pene
574 3276 610 3333 ad
643 3275 767 3334 bostium
799 3285 894 3332 casua
918 3281 1082 3348 pertineret,

90 3355 232 3416 mediocri
255 3356 326 3415 valle
348 3375 365 3414 a
385 3356 486 3414 castris
508 3373 607 3414 eorum
628 3354 805 3421 intercisum,
828 3351 1082 3421 animadverteret;

88 3435 228 3512 pontibus
250 3435 356 3512 palude
374 3435 529 3502 constrati,
549 3427 678 3511 legiones
698 3431 831 3498 traducit,
845 3428 1031 3504 celeriterque
1053 3429 1083 3488 in

91 3533 236 3572 summam
248 3513 398 3591 planitiem
409 3513 471 3590 jugi
490 3511 629 3590 pervenit,
643 3531 706 3587 que
720 3509 824 3568 declivi
844 3507 960 3584 llsstigio
971 3507 1083 3568 duobns

92 3593 134 3651 ab
153 3592 288 3652 lateribus
309 3593 500 3651 muniebatur.
542 3591 589 3649 Ibi
609 3589 769 3668 legionibus
791 3586 945 3658 instructis,
968 3589 1005 3646 sd
1020 3589 1127 3648 ulti-tlt)

91 3687 176 3730 munt
192 3669 293 3748 J'ogum
313 3672 452 3749 pervenit,
468 3671 616 3747 aciemque
633 3689 668 3728 eo
680 3670 744 3727 loco
765 3663 922 3735 coustituit,
936 3669 1014 3726 unde
1027 3679 1083 3727 tor·

90 3759 192 3808 mento
204 3751 293 3810 missa
305 3751 364 3810 tels
377 3751 407 3810 in
424 3750 547 3808 hostiurn
561 3767 668 3806 cuneos
681 3745 787 3822 conjici
799 3755 924 3824 possein

132 3827 202 3888 XV.
243 3829 375 3904 Barbari,
401 3829 503 3889 conlisi
528 3827 585 3887 loci
609 3826 722 3893 asturi,
747 3843 834 3902 quum
860 3825 998 3884 dimicare
1023 3837 1080 3877 mn

91 3919 272 3984 rmusment,
286 3909 310 3968 ri
331 3907 403 3968 forti
418 3906 546 3968 Romani
566 3906 661 3965 subire
674 3904 778 3966 collem
791 3914 972 3968 conarentur,
985 3895 1080 3974 paula·
