2590 4424
103 281 158 395 '16
384 361 387 368 ν
483 334 531 385 ΒΕ
549 333 665 386 BELLO
683 331 843 386 cituco

166 477 374 554 prescriptum,
401 478 451 534 sed
475 479 509 534 ad
532 498 616 536 suum
643 478 802 544 arbitrium,
827 477 966 552 imperare
990 477 1158 538 consudare.

168 556 201 612 Si
215 557 275 632 ipse
289 555 397 632 Populo
410 557 545 614 Romano
558 576 615 613 nou
629 556 836 632 prescriberet,
849 556 1090 629 quemadmodum
1102 575 1158 616 siro
1171 577 1175 584 ·

173 634 237 709 jure
258 645 403 704 uteretur3
424 653 482 692 non
502 646 631 710 oportere
652 653 750 691 aesca
771 633 879 708 Populo
898 633 1034 692 Romm
1053 634 1082 692 in
1102 655 1158 694 suo

173 712 236 788 jure
258 714 396 789 impediri.
439 713 550 770 AEduos
570 713 635 780 sibi,
656 713 791 788 quoniam
805 711 871 770 belli
892 712 1034 770 fortunam
1048 715 1158 772 teutde-

134 798 152 850 5
168 801 240 860 sent,
255 803 283 850 et
297 793 383 850 armis
402 792 549 867 congressi
564 811 598 848 ac
612 792 736 868 superati
756 801 861 857 esseut,
876 790 1074 867 stipendiarios
1090 811 1157 850 esse

168 871 266 928 factos.
308 872 447 948 Magnam
463 871 607 928 Cesaram
628 871 760 946 injuriam
775 872 880 936 facere,
895 870 943 944 qui
956 889 1010 928 suo
1029 871 1156 928 adventu

166 950 318 1025 vectigalia
339 951 393 1007 sibi
407 949 548 1007 deteriora
568 951 682 1008 laceret.
724 949 829 1006 AEduis
842 968 873 1006 se
894 941 1008 1006 'obsides
1028 950 1156 1008 redditu-

166 1045 229 1085 rum
247 1048 305 1086 non
326 1049 399 1095 esse,
413 1047 506 1103 neque
527 1028 571 1096 iis,
585 1047 677 1103 neque
696 1047 794 1086 eorum
815 1027 901 1084 sociis
921 1027 1026 1102 injurii
1048 1028 1156 1086 bellum

166 1105 320 1174 illaturum,
335 1107 359 1164 si
374 1107 402 1164 in
414 1127 448 1165 eo
461 1119 619 1175 manerent,
634 1109 709 1184 quod
723 1107 913 1174 convenisset,
924 1106 1155 1183 stipendiumque

116 1191 149 1245 10
166 1186 318 1259 quotannis
330 1188 506 1262 penderent:
528 1187 552 1244 si
573 1187 602 1243 id
616 1206 673 1244 non
687 1186 832 1253 fecissent,
846 1183 932 1260 longe
949 1185 984 1242 iis
998 1186 1155 1244 fraternum

165 1283 270 1321 nomen
284 1265 384 1342 Populi
399 1266 526 1323 Romani
543 1266 715 1322 abfuturum.
756 1263 847 1326 Quod
861 1265 915 1320 sibi
930 1264 1028 1322 Caesar
1043 1265 1156 1322 denun-

165 1341 263 1411 ciaret,
289 1364 318 1404 se
343 1345 503 1402 AEduorum
527 1343 646 1419 injurias
672 1362 730 1400 non
753 1342 972 1418 neglecturum
1006 1342 1154 1402 neminem

165 1439 263 1478 secum
278 1423 339 1478 sine
360 1423 412 1480 sud
424 1422 552 1498 pernicie
573 1421 763 1478 contendisse.
803 1421 905 1482 Quum
919 1421 1012 1489 vellet,
1033 1441 1155 1497 congre·

164 1498 280 1556 deretur
291 1520 299 1569 3
329 1499 550 1572 intellecturum,
562 1500 631 1575 quid
649 1499 749 1556 invicti
761 1500 908 1567 Germani,
923 1500 1153 1559 exercitatissimi

115 1585 148 1636 15
165 1575 195 1632 in
218 1578 312 1646 armis,
327 1580 375 1654 qui
396 1579 469 1636 inter
478 1598 574 1668 'annos
587 1579 662 1636 XIV
676 1589 784 1636 tectum
804 1596 862 1636 nou
881 1578 1034 1646 subissent,
1049 1579 1153 1638 virtute

162 1668 287 1729 possent.

202 1734 365 1794 XXXVII.
407 1736 481 1794 Haec
501 1737 602 1796 eodem
623 1751 749 1814 tempore
763 1736 871 1795 Catari
892 1736 1028 1794 mandata
1047 1738 1154 1795 refere-

163 1813 276 1883 bantur,
293 1827 322 1875 et
342 1817 429 1892 legati
448 1817 484 1873 ab
505 1817 609 1874 AEduis
629 1829 659 1875 et
680 1837 696 1874 a
717 1816 846 1874 Treviris
867 1816 1038 1872 veniebant:
1060 1816 1151 1888 AEdui

163 1904 304 1968 questum,
325 1893 402 1971 qudd
427 1895 570 1964 Harudes,
597 1897 645 1972 qui
669 1915 760 1970 nuper
778 1895 807 1952 in
824 1894 948 1952 Galliam
968 1895 1151 1970 transportati

112 1977 147 2032 20
163 1983 268 2042 essent,
283 1975 355 2032 fines
375 1994 473 2032 eorum
493 1975 715 2050 popularentur3
736 1993 799 2031 sese
817 1992 854 2030 ne
875 1973 1021 2032 obsidibus
1034 1973 1151 2048 quidem

164 2049 237 2108 datis
262 2072 365 2129 pacem
389 2053 525 2112 Ariovisti
550 2053 691 2110 redimere
713 2053 860 2128 potuisse:
895 2051 1008 2109 Treviri
1043 2062 1149 2120 autem,

162 2147 252 2203 pagos
278 2142 394 2188 centum
421 2131 579 2188 Suevorum
611 2133 647 2189 ad
671 2131 749 2206 ripas
775 2131 875 2189 Rheni
903 2129 1076 2198 consedisse,
1100 2131 1150 2205 qui

162 2203 300 2264 Rhenum
314 2209 435 2266 transire
449 2220 639 2280 conarentur3
662 2209 696 2266 iis
709 2221 831 2285 praesse
847 2209 976 2266 Nasuam
990 2219 1020 2266 et
1033 2209 1152 2267 Cimbe-

161 2285 235 2342 rium
259 2287 367 2344 fratres.
408 2287 524 2350 Quibus
544 2290 629 2346 rebus
649 2288 757 2356 Cacsar,
776 2289 960 2345 vehementer
980 2299 1148 2357 commotus,

111 2372 145 2425 25
161 2367 362 2423 maturandum
384 2367 438 2424 sibi
458 2365 638 2436 existimavit,
660 2387 707 2435 ne,
729 2367 754 2425 si
774 2387 847 2425 nova
867 2387 969 2424 manus
991 2367 1149 2424 Suevorlrm

161 2462 228 2500 cum
242 2445 383 2502 veteribus
403 2447 493 2522 copiis
508 2447 642 2505 Ariovisti
660 2467 723 2504 sese
737 2447 941 2523 conjunxisset,
952 2443 1049 2504 mimis
1063 2444 1148 2502 facile

117 2553 120 2558 ·
160 2523 254 2581 resisti
267 2537 371 2601 posset.
412 2525 513 2602 Itaque
526 2547 557 2584 re
571 2526 766 2594 frumentaria,
781 2525 867 2601 qudm
883 2522 1032 2583 celerrime
1047 2524 1147 2599 potuit,

161 2606 334 2678 comparata,
349 2605 461 2682 magnis
475 2606 624 2664 itineribus
638 2607 674 2664 ad
689 2606 865 2664 Ariovistum
879 2603 1037 2662 contendit.

200 2681 383 2741 XXXVIII:
420 2685 521 2746 Quum
548 2685 636 2742 tridui
659 2684 734 2740 viam
760 2683 954 2758 processisset,
978 2680 1148 2740 nunciatum

109 2767 144 2820 30
160 2771 203 2815 est
226 2761 263 2827 ei,
279 2762 453 2818 Ariovistum
467 2783 534 2820 cum
553 2764 612 2819 suis
632 2762 766 2818 omnibus
779 2761 872 2836 copiis
891 2761 926 2816 ad
947 2760 1148 2835 occupandum

161 2838 375 2905 Vesontionem,
390 2841 465 2913 quod
479 2851 522 2897 est
535 2841 669 2916 oppidum
686 2839 842 2896 maximum
857 2840 1064 2914 Sequanorum,
1080 2857 1149 2896 con-

159 2917 287 2984 tendere,
314 2918 455 2992 triduique
480 2919 554 2975 viam
582 2937 599 2975 a
622 2919 682 2973 suis
704 2918 810 2994 linibus
834 2918 996 2993 profecisse.
1047 2916 1083 2972 Id
1109 2936 1148 2974 ne

161 2995 313 3063 accideret,
326 3016 431 3072 magno
444 3016 528 3074 opere
541 2996 761 3073 praecavendum
773 2994 827 3054 sibi
841 2997 938 3054 Caesar
949 2995 1147 3054 existimabat:

159 3091 283 3149 namque
304 3076 432 3134 omnium
456 3069 638 3152 rerumquae
658 3075 693 3131 ad
715 3075 820 3132 bellum
837 3075 901 3132 usui
922 3086 1013 3142 erant,
1036 3094 1148 3132 summa

108 3159 144 3214 35
159 3163 220 3209 erat
234 3152 263 3210 in
278 3173 313 3210 eo
325 3155 429 3230 oppido
445 3155 584 3224 facultas3
606 3155 691 3228 idque
706 3154 809 3211 naturai
821 3154 878 3212 loci
891 3155 933 3212 sic
954 3154 1146 3221 muniebatur,

159 3242 191 3287 ut
204 3251 339 3310 magnam
353 3234 388 3290 ad
402 3234 567 3291 ducendum
588 3233 694 3290 bellum
708 3234 789 3290 daret
810 3233 983 3302 facultatem,
998 3243 1147 3308 propterea

159 3307 235 3384 qudd
257 3311 362 3370 flumen
387 3312 489 3380 Dubia,
512 3323 544 3368 ut
565 3313 675 3370 circino
697 3311 936 3380 circumductum,
958 3310 1033 3388 pond
1056 3321 1146 3369 totum

159 3387 294 3461 oppidum
318 3393 427 3468 cingit3
457 3391 597 3468 reliquum
620 3390 754 3468 spatium,
779 3393 852 3466 quod
876 3403 1000 3449 estnon
1025 3390 1147 3466 amplius

159 3465 263 3541 pedum
289 3467 352 3535 DC,
377 3473 432 3546 qud
456 3471 563 3529 flumen
588 3470 758 3538 intermittit,
783 3490 865 3528 mons
888 3471 1017 3528 continet
1040 3469 1147 3544 magnii

109 3545 144 3607 40
160 3543 319 3611 altitudine,
342 3546 381 3603 ita
401 3561 432 3607 ut
453 3551 565 3610 radices
586 3553 648 3627 ejus
668 3549 773 3608 montis
785 3570 822 3608 ex
842 3551 962 3624 utraque
983 3560 1063 3623 parte
1077 3547 1146 3622 ripae

160 3623 285 3681 fluminis
299 3624 473 3700 contingant.
516 3631 605 3688 Hunc
619 3648 716 3686 murus
729 3629 924 3687 circumdatus
939 3645 1032 3684 arcem
1047 3627 1145 3694 efficit,

158 3713 186 3760 et
208 3721 273 3760 cum
287 3703 391 3778 oppido
412 3709 568 3784 conjungit.
610 3710 679 3768 Huc
692 3709 791 3766 Caesar
812 3707 925 3781 magnis
946 3705 1146 3778 diurnisnoc-

140 3781 474 3919 ‚tapnisqueilitineribus
495 3790 651 3856 contendit,
673 3797 869 3864 occupatoque
890 3785 994 3861 oppido
1014 3785 1054 3845 ibi
1074 3801 1147 3863 pra-

159 3879 183 3918 si
204 3879 262 3919 ium
276 3882 312 3922 co
331 3870 407 3919 ccat.
889 3901 890 3908 ι
