<?xml version="1.0" encoding="UTF-8"?>
<!DOCTYPE html PUBLIC "-//W3C//DTD XHTML 1.0 Transitional//EN"
    "http://www.w3.org/TR/xhtml1/DTD/xhtml1-transitional.dtd">
<html xmlns="http://www.w3.org/1999/xhtml" xml:lang="en" lang="en">
 <head>
  <title>
</title>
<meta http-equiv="Content-Type" content="text/html;charset=utf-8" />
  <meta name='ocr-system' content='tesseract 3.04.00' />
  <meta name='ocr-capabilities' content='ocr_page ocr_carea ocr_par ocr_line ocrx_word'/>
</head>
<body>
  <div class='ocr_page' id='page_1' title='image "./commentariidebe00levegoog_0112.png"; bbox 0 0 2564 4422; ppageno 0'>
   <div class='ocr_carea' id='block_1_1' title="bbox 440 344 1210 426">
    <p class='ocr_par' dir='ltr' id='par_1_1' title="bbox 440 344 1210 426">
     <span class='ocr_line' id='line_1_1' title="bbox 440 344 1210 426; baseline 0.016 -12"><span class='ocrx_word' id='word_1_1' title='bbox 440 363 548 414; x_wconf 79' lang='lat' dir='ltr'><strong>mssa</strong></span> <span class='ocrx_word' id='word_1_2' title='bbox 564 344 752 414; x_wconf 64' lang='lat' dir='ltr'><strong>srsserrnus.</strong></span> <span class='ocrx_word' id='word_1_3' title='bbox 821 363 825 372; x_wconf 75' lang='grc'><em>’</em></span> <span class='ocrx_word' id='word_1_4' title='bbox 1081 362 1135 426; x_wconf 83' lang='lat' dir='ltr'><strong>lul</strong></span> <span class='ocrx_word' id='word_1_5' title='bbox 1165 417 1175 426; x_wconf 95' lang='lat'><em>.</em></span> <span class='ocrx_word' id='word_1_6' title='bbox 1205 377 1210 386; x_wconf 89' lang='lat'><strong>·</strong></span> 
     </span>
    </p>
   </div>
   <div class='ocr_carea' id='block_1_2' title="bbox 92 506 1191 4040">
    <p class='ocr_par' dir='ltr' id='par_1_2' title="bbox 93 506 1151 981">
     <span class='ocr_line' id='line_1_2' title="bbox 94 506 1151 579; baseline 0 -11"><span class='ocrx_word' id='word_1_7' title='bbox 94 509 260 576; x_wconf 76' lang='lat' dir='ltr'><strong>efferamur,</strong></span> <span class='ocrx_word' id='word_1_8' title='bbox 271 517 304 566; x_wconf 93' lang='lat' dir='ltr'><strong>ut</strong></span> <span class='ocrx_word' id='word_1_9' title='bbox 314 506 415 566; x_wconf 70' lang='lat' dir='ltr'><strong>Cesar</strong></span> <span class='ocrx_word' id='word_1_10' title='bbox 426 509 464 567; x_wconf 86' lang='lat' dir='ltr'><strong>ab</strong></span> <span class='ocrx_word' id='word_1_11' title='bbox 473 508 601 568; x_wconf 85' lang='lat' dir='ltr'><strong>exercitu</strong></span> <span class='ocrx_word' id='word_1_12' title='bbox 615 507 830 566; x_wconf 71' lang='lat' dir='ltr'><strong>intercludatur.</strong></span> <span class='ocrx_word' id='word_1_13' title='bbox 870 507 1085 579; x_wconf 83' lang='lat' dir='ltr'><strong>ldesselacile,</strong></span> <span class='ocrx_word' id='word_1_14' title='bbox 1148 515 1151 520; x_wconf 80' lang='grc'>’</span> 
     </span>
     <span class='ocr_line' id='line_1_3' title="bbox 94 586 1088 665; baseline 0 -19"><span class='ocrx_word' id='word_1_15' title='bbox 94 587 174 665; x_wconf 82' lang='lat' dir='ltr'><strong>qubd</strong></span> <span class='ocrx_word' id='word_1_16' title='bbox 188 605 280 663; x_wconf 90' lang='lat' dir='ltr'><strong>neque</strong></span> <span class='ocrx_word' id='word_1_17' title='bbox 301 586 441 663; x_wconf 75' lang='lat' dir='ltr'>legiones,</span> <span class='ocrx_word' id='word_1_18' title='bbox 455 589 574 645; x_wconf 86' lang='lat' dir='ltr'><strong>absente</strong></span> <span class='ocrx_word' id='word_1_19' title='bbox 594 588 773 663; x_wconf 77' lang='lat' dir='ltr'><strong>imperatore,</strong></span> <span class='ocrx_word' id='word_1_20' title='bbox 789 587 915 644; x_wconf 86' lang='lat' dir='ltr'><strong>audeant</strong></span> <span class='ocrx_word' id='word_1_21' title='bbox 930 607 967 646; x_wconf 84' lang='lat' dir='ltr'><strong>ex</strong></span> <span class='ocrx_word' id='word_1_22' title='bbox 987 589 1088 664; x_wconf 88' lang='lat' dir='ltr'><strong>hyber-</strong></span> 
     </span>
     <span class='ocr_line' id='line_1_4' title="bbox 95 666 1087 744; baseline 0.002 -20"><span class='ocrx_word' id='word_1_23' title='bbox 95 667 269 744; x_wconf 88' lang='lat' dir='ltr'><strong>nisegredi;</strong></span> <span class='ocrx_word' id='word_1_24' title='bbox 291 685 385 742; x_wconf 89' lang='lat' dir='ltr'><strong>neque</strong></span> <span class='ocrx_word' id='word_1_25' title='bbox 409 667 562 742; x_wconf 87' lang='lat' dir='ltr'><strong>imperator</strong></span> <span class='ocrx_word' id='word_1_26' title='bbox 582 667 645 723; x_wconf 86' lang='lat' dir='ltr'><strong>aine</strong></span> <span class='ocrx_word' id='word_1_27' title='bbox 665 666 798 742; x_wconf 77' lang='lat' dir='ltr'><strong>presidio</strong></span> <span class='ocrx_word' id='word_1_28' title='bbox 819 666 855 724; x_wconf 87' lang='lat' dir='ltr'><strong>ad</strong></span> <span class='ocrx_word' id='word_1_29' title='bbox 876 666 1012 742; x_wconf 75' lang='lat' dir='ltr'><strong>legiones·</strong></span> <span class='ocrx_word' id='word_1_30' title='bbox 1024 687 1087 744; x_wconf 87' lang='lat' dir='ltr'><strong>per·</strong></span> 
     </span>
     <span class='ocr_line' id='line_1_5' title="bbox 95 744 1086 830; baseline 0.002 -28"><span class='ocrx_word' id='word_1_31' title='bbox 95 746 192 804; x_wconf 77' lang='lat' dir='ltr'><strong>renim</strong></span> <span class='ocrx_word' id='word_1_32' title='bbox 205 745 310 823; x_wconf 89' lang='lat' dir='ltr'><strong>possit;</strong></span> <span class='ocrx_word' id='word_1_33' title='bbox 331 744 475 822; x_wconf 85' lang='lat' dir='ltr'><strong>postremb</strong></span> <span class='ocrx_word' id='word_1_34' title='bbox 495 747 525 802; x_wconf 89' lang='lat' dir='ltr'><strong>in</strong></span> <span class='ocrx_word' id='word_1_35' title='bbox 544 744 607 802; x_wconf 87' lang='lat' dir='ltr'><strong>acic</strong></span> <span class='ocrx_word' id='word_1_36' title='bbox 626 756 762 830; x_wconf 78' lang='lat' dir='ltr'><strong>praestare</strong></span> <span class='ocrx_word' id='word_1_37' title='bbox 776 744 908 814; x_wconf 81' lang='lat' dir='ltr'><strong>interfici,</strong></span> <span class='ocrx_word' id='word_1_38' title='bbox 922 746 1008 820; x_wconf 77' lang='lat' dir='ltr'><strong>qudm</strong></span> <span class='ocrx_word' id='word_1_39' title='bbox 1029 765 1086 804; x_wconf 92' lang='lat' dir='ltr'><strong>non</strong></span> 
     </span>
     <span class='ocr_line' id='line_1_6' title="bbox 95 824 1132 900; baseline 0.001 -18"><span class='ocrx_word' id='word_1_40' title='bbox 95 836 221 883; x_wconf 71' lang='lat' dir='ltr'><strong>veterem</strong></span> <span class='ocrx_word' id='word_1_41' title='bbox 235 825 304 882; x_wconf 91' lang='lat' dir='ltr'><strong>belli</strong></span> <span class='ocrx_word' id='word_1_42' title='bbox 317 824 438 900; x_wconf 79' lang='lat' dir='ltr'><strong>gloriam</strong></span> <span class='ocrx_word' id='word_1_43' title='bbox 451 824 678 900; x_wconf 74' lang='lat' dir='ltr'><strong>libertatemque,</strong></span> <span class='ocrx_word' id='word_1_44' title='bbox 689 827 777 900; x_wconf 80' lang='lat' dir='ltr'><strong>quam</strong></span> <span class='ocrx_word' id='word_1_45' title='bbox 791 843 809 882; x_wconf 84' lang='lat' dir='ltr'><strong>a</strong></span> <span class='ocrx_word' id='word_1_46' title='bbox 836 824 990 900; x_wconf 89' lang='lat' dir='ltr'><strong>majoribus</strong></span> <span class='ocrx_word' id='word_1_47' title='bbox 1005 844 1087 883; x_wconf 73' lang='lat' dir='ltr'><strong>acce</strong></span> <span class='ocrx_word' id='word_1_48' title='bbox 1114 835 1132 890; x_wconf 82' lang='lat'><strong>5</strong></span> 
     </span>
     <span class='ocr_line' id='line_1_7' title="bbox 93 905 924 981; baseline -0.002 -19"><span class='ocrx_word' id='word_1_49' title='bbox 93 905 200 981; x_wconf 86' lang='lat' dir='ltr'><strong>perint,</strong></span> <span class='ocrx_word' id='word_1_50' title='bbox 214 921 394 980; x_wconf 86' lang='lat' dir='ltr'><strong>recuperare.</strong></span> <span class='ocrx_word' id='word_1_51' title='bbox 474 915 477 920; x_wconf 81' lang='grc'>’</span> <span class='ocrx_word' id='word_1_52' title='bbox 520 932 525 939; x_wconf 89' lang='grc'>·</span> <span class='ocrx_word' id='word_1_53' title='bbox 918 964 924 973; x_wconf 59' lang='grc'>,</span> 
     </span>
    </p>

    <p class='ocr_par' dir='ltr' id='par_1_3' title="bbox 92 981 1134 1688">
     <span class='ocr_line' id='line_1_8' title="bbox 134 981 1087 1058; baseline 0 -18"><span class='ocrx_word' id='word_1_54' title='bbox 134 983 178 1040; x_wconf 90' lang='lat' dir='ltr'><strong>Il.</strong></span> <span class='ocrx_word' id='word_1_55' title='bbox 221 983 276 1040; x_wconf 88' lang='lat' dir='ltr'><strong>His</strong></span> <span class='ocrx_word' id='word_1_56' title='bbox 296 983 382 1040; x_wconf 89' lang='lat' dir='ltr'><strong>rebus</strong></span> <span class='ocrx_word' id='word_1_57' title='bbox 404 981 528 1058; x_wconf 83' lang='lat' dir='ltr'><strong>agitatis,</strong></span> <span class='ocrx_word' id='word_1_58' title='bbox 549 981 717 1056; x_wconf 82' lang='lat' dir='ltr'><strong>profitentur</strong></span> <span class='ocrx_word' id='word_1_59' title='bbox 730 982 883 1050; x_wconf 90' lang='lat' dir='ltr'><strong>Carnutes,</strong></span> <span class='ocrx_word' id='word_1_60' title='bbox 899 984 956 1040; x_wconf 78' lang='lat' dir='ltr'><strong>‘Se</strong></span> <span class='ocrx_word' id='word_1_61' title='bbox 977 983 1087 1040; x_wconf 89' lang='lat' dir='ltr'><strong>nullum</strong></span> 
     </span>
     <span class='ocr_line' id='line_1_9' title="bbox 93 1060 1088 1138; baseline 0.001 -21"><span class='ocrx_word' id='word_1_62' title='bbox 93 1061 258 1138; x_wconf 90' lang='lat' dir='ltr'><strong>periculum</strong></span> <span class='ocrx_word' id='word_1_63' title='bbox 272 1061 431 1118; x_wconf 89' lang='lat' dir='ltr'><strong>communis</strong></span> <span class='ocrx_word' id='word_1_64' title='bbox 445 1060 545 1118; x_wconf 88' lang='lat' dir='ltr'><strong>salutis</strong></span> <span class='ocrx_word' id='word_1_65' title='bbox 562 1061 651 1118; x_wconf 74' lang='lat' dir='ltr'><strong>causi</strong></span> <span class='ocrx_word' id='word_1_66' title='bbox 665 1079 813 1130; x_wconf 79' lang='lat' dir='ltr'><strong>recusare3</strong></span> <span class='ocrx_word' id='word_1_67' title='bbox 834 1061 1034 1138; x_wconf 79' lang='lat' dir='ltr'><strong>principesque</strong></span> <span class='ocrx_word' id='word_1_68' title='bbox 1051 1081 1088 1124; x_wconf 79' lang='lat' dir='ltr'><strong>ex</strong></span> 
     </span>
     <span class='ocr_line' id='line_1_10' title="bbox 94 1139 1088 1216; baseline 0 -18"><span class='ocrx_word' id='word_1_69' title='bbox 94 1139 347 1198; x_wconf 88' lang='lat' dir='ltr'><strong>omnibusbellum</strong></span> <span class='ocrx_word' id='word_1_70' title='bbox 357 1139 480 1196; x_wconf 77' lang='lat' dir='ltr'><strong>facturos</strong></span> <span class='ocrx_word' id='word_1_71' title='bbox 490 1139 661 1214; x_wconf 90' lang='lat' dir='ltr'><strong>pollicentur</strong></span> <span class='ocrx_word' id='word_1_72' title='bbox 672 1159 680 1209; x_wconf 90' lang='lat'>;</span> <span class='ocrx_word' id='word_1_73' title='bbox 701 1151 739 1206; x_wconf 87' lang='lat' dir='ltr'><strong>et,</strong></span> <span class='ocrx_word' id='word_1_74' title='bbox 750 1141 884 1216; x_wconf 87' lang='lat' dir='ltr'><strong>quoniam</strong></span> <span class='ocrx_word' id='word_1_75' title='bbox 896 1141 1088 1216; x_wconf 66' lang='lat' dir='ltr'><strong>inpraesentia</strong></span> 
     </span>
     <span class='ocr_line' id='line_1_11' title="bbox 93 1217 1134 1294; baseline 0.002 -17"><span class='ocrx_word' id='word_1_76' title='bbox 93 1217 248 1277; x_wconf 88' lang='lat' dir='ltr'><strong>obsidibus</strong></span> <span class='ocrx_word' id='word_1_77' title='bbox 268 1235 369 1275; x_wconf 83' lang='lat' dir='ltr'><strong>cavere</strong></span> <span class='ocrx_word' id='word_1_78' title='bbox 392 1218 465 1276; x_wconf 87' lang='lat' dir='ltr'><strong>inter</strong></span> <span class='ocrx_word' id='word_1_79' title='bbox 486 1237 517 1275; x_wconf 90' lang='lat' dir='ltr'><strong>se</strong></span> <span class='ocrx_word' id='word_1_80' title='bbox 540 1237 599 1276; x_wconf 92' lang='lat' dir='ltr'><strong>non</strong></span> <span class='ocrx_word' id='word_1_81' title='bbox 622 1219 740 1294; x_wconf 76' lang='lat' dir='ltr'><strong>possint,</strong></span> <span class='ocrx_word' id='word_1_82' title='bbox 765 1237 802 1276; x_wconf 90' lang='lat' dir='ltr'><strong>ne</strong></span> <span class='ocrx_word' id='word_1_83' title='bbox 822 1237 869 1276; x_wconf 88' lang='lat' dir='ltr'><strong>res</strong></span> <span class='ocrx_word' id='word_1_84' title='bbox 890 1219 1034 1288; x_wconf 82' lang='lat' dir='ltr'><strong>efferatur,</strong></span> <span class='ocrx_word' id='word_1_85' title='bbox 1056 1229 1134 1284; x_wconf 84' lang='lat' dir='ltr'><strong>utlo</strong></span> 
     </span>
     <span class='ocr_line' id='line_1_12' title="bbox 92 1296 1087 1374; baseline 0.002 -20"><span class='ocrx_word' id='word_1_86' title='bbox 92 1296 288 1374; x_wconf 18' lang='lat' dir='ltr'><strong>jurejurando,</strong></span> <span class='ocrx_word' id='word_1_87' title='bbox 313 1315 347 1353; x_wconf 88' lang='lat' dir='ltr'><strong>ac</strong></span> <span class='ocrx_word' id='word_1_88' title='bbox 372 1297 428 1354; x_wconf 90' lang='lat' dir='ltr'><strong>fide</strong></span> <span class='ocrx_word' id='word_1_89' title='bbox 454 1296 611 1369; x_wconf 87' lang='lat' dir='ltr'><strong>sanciatur,</strong></span> <span class='ocrx_word' id='word_1_90' title='bbox 637 1307 747 1372; x_wconf 90' lang='lat' dir='ltr'><strong>petunt,</strong></span> <span class='ocrx_word' id='word_1_91' title='bbox 774 1296 885 1355; x_wconf 89' lang='lat' dir='ltr'><strong>collatis</strong></span> <span class='ocrx_word' id='word_1_92' title='bbox 918 1298 1087 1356; x_wconf 89' lang='lat' dir='ltr'><strong>militaribus</strong></span> 
     </span>
     <span class='ocr_line' id='line_1_13' title="bbox 95 1375 1086 1458; baseline 0.003 -26"><span class='ocrx_word' id='word_1_93' title='bbox 95 1375 196 1451; x_wconf 84' lang='lat' dir='ltr'><strong>signis,</strong></span> <span class='ocrx_word' id='word_1_94' title='bbox 213 1375 284 1453; x_wconf 86' lang='lat' dir='ltr'><strong>(quo</strong></span> <span class='ocrx_word' id='word_1_95' title='bbox 296 1395 374 1433; x_wconf 92' lang='lat' dir='ltr'><strong>more</strong></span> <span class='ocrx_word' id='word_1_96' title='bbox 387 1395 486 1434; x_wconf 86' lang='lat' dir='ltr'><strong>eorum</strong></span> <span class='ocrx_word' id='word_1_97' title='bbox 500 1375 674 1452; x_wconf 75' lang='lat' dir='ltr'><strong>gravissimae</strong></span> <span class='ocrx_word' id='word_1_98' title='bbox 687 1376 859 1434; x_wconf 76' lang='lat' dir='ltr'><strong>cerimonias</strong></span> <span class='ocrx_word' id='word_1_99' title='bbox 877 1377 1086 1458; x_wconf 82' lang='lat' dir='ltr'><strong>continentur,)</strong></span> 
     </span>
     <span class='ocr_line' id='line_1_14' title="bbox 94 1453 1088 1530; baseline -0.001 -17"><span class='ocrx_word' id='word_1_100' title='bbox 94 1473 144 1523; x_wconf 86' lang='lat' dir='ltr'><strong>ne,</strong></span> <span class='ocrx_word' id='word_1_101' title='bbox 159 1455 235 1513; x_wconf 86' lang='lat' dir='ltr'><strong>lacto</strong></span> <span class='ocrx_word' id='word_1_102' title='bbox 256 1453 339 1512; x_wconf 86' lang='lat' dir='ltr'><strong>initio</strong></span> <span class='ocrx_word' id='word_1_103' title='bbox 359 1455 436 1522; x_wconf 88' lang='lat' dir='ltr'><strong>belli,</strong></span> <span class='ocrx_word' id='word_1_104' title='bbox 452 1455 489 1512; x_wconf 89' lang='lat' dir='ltr'><strong>ab</strong></span> <span class='ocrx_word' id='word_1_105' title='bbox 506 1455 622 1530; x_wconf 90' lang='lat' dir='ltr'><strong>reliquis</strong></span> <span class='ocrx_word' id='word_1_106' title='bbox 643 1457 829 1514; x_wconf 67' lang='lat' dir='ltr'><strong>deserantur!</strong></span> <span class='ocrx_word' id='word_1_107' title='bbox 870 1455 959 1525; x_wconf 80' lang='lat' dir='ltr'><strong>Tum,</strong></span> <span class='ocrx_word' id='word_1_108' title='bbox 981 1457 1088 1514; x_wconf 90' lang='lat' dir='ltr'><strong>collau-</strong></span> 
     </span>
     <span class='ocr_line' id='line_1_15' title="bbox 95 1533 1086 1611; baseline 0.003 -20"><span class='ocrx_word' id='word_1_109' title='bbox 95 1533 171 1592; x_wconf 87' lang='lat' dir='ltr'><strong>datis</strong></span> <span class='ocrx_word' id='word_1_110' title='bbox 191 1533 378 1606; x_wconf 77' lang='lat' dir='ltr'><strong>Carnutibus,</strong></span> <span class='ocrx_word' id='word_1_111' title='bbox 392 1535 460 1591; x_wconf 90' lang='lat' dir='ltr'><strong>dato</strong></span> <span class='ocrx_word' id='word_1_112' title='bbox 480 1534 667 1610; x_wconf 88' lang='lat' dir='ltr'><strong>jurejurando</strong></span> <span class='ocrx_word' id='word_1_113' title='bbox 680 1534 716 1591; x_wconf 87' lang='lat' dir='ltr'><strong>ab</strong></span> <span class='ocrx_word' id='word_1_114' title='bbox 736 1535 878 1604; x_wconf 91' lang='lat' dir='ltr'><strong>omnibus,</strong></span> <span class='ocrx_word' id='word_1_115' title='bbox 893 1535 942 1611; x_wconf 94' lang='lat' dir='ltr'><strong>qui</strong></span> <span class='ocrx_word' id='word_1_116' title='bbox 956 1537 1086 1604; x_wconf 83' lang='lat' dir='ltr'><strong>aderant,</strong></span> 
     </span>
     <span class='ocr_line' id='line_1_16' title="bbox 94 1613 1132 1688; baseline 0.006 -18"><span class='ocrx_word' id='word_1_117' title='bbox 94 1622 225 1688; x_wconf 89' lang='lat' dir='ltr'><strong>tempore</strong></span> <span class='ocrx_word' id='word_1_118' title='bbox 238 1613 300 1687; x_wconf 84' lang='lat' dir='ltr'><strong>ejus</strong></span> <span class='ocrx_word' id='word_1_119' title='bbox 312 1613 354 1669; x_wconf 89' lang='lat' dir='ltr'><strong>rei</strong></span> <span class='ocrx_word' id='word_1_120' title='bbox 367 1614 532 1680; x_wconf 88' lang='lat' dir='ltr'><strong>constituto,</strong></span> <span class='ocrx_word' id='word_1_121' title='bbox 548 1614 584 1670; x_wconf 93' lang='lat' dir='ltr'><strong>ab</strong></span> <span class='ocrx_word' id='word_1_122' title='bbox 597 1613 722 1670; x_wconf 87' lang='lat' dir='ltr'><strong>concilio</strong></span> <span class='ocrx_word' id='word_1_123' title='bbox 734 1614 899 1671; x_wconf 74' lang='lat' dir='ltr'><strong>disceditur.</strong></span> <span class='ocrx_word' id='word_1_124' title='bbox 1098 1621 1132 1676; x_wconf 82' lang='lat'><strong>15</strong></span> 
     </span>
    </p>

    <p class='ocr_par' dir='ltr' id='par_1_4' title="bbox 93 1689 1191 2620">
     <span class='ocr_line' id='line_1_17' title="bbox 137 1689 1087 1759; baseline 0.002 -11"><span class='ocrx_word' id='word_1_125' title='bbox 137 1690 197 1748; x_wconf 85' lang='grc' dir='ltr'><strong>ΙΙΙ.</strong></span> <span class='ocrx_word' id='word_1_126' title='bbox 238 1689 295 1748; x_wconf 87' lang='lat' dir='ltr'><strong>Ubi</strong></span> <span class='ocrx_word' id='word_1_127' title='bbox 307 1709 343 1748; x_wconf 90' lang='lat' dir='ltr'><strong>ea</strong></span> <span class='ocrx_word' id='word_1_128' title='bbox 362 1691 525 1759; x_wconf 79' lang='lat' dir='ltr'><strong>dissecuit,</strong></span> <span class='ocrx_word' id='word_1_129' title='bbox 541 1691 694 1758; x_wconf 84' lang='lat' dir='ltr'><strong>Carnutes,</strong></span> <span class='ocrx_word' id='word_1_130' title='bbox 708 1691 833 1748; x_wconf 85' lang='lat' dir='ltr'><strong>Cotuato</strong></span> <span class='ocrx_word' id='word_1_131' title='bbox 852 1703 882 1748; x_wconf 90' lang='lat' dir='ltr'><strong>et</strong></span> <span class='ocrx_word' id='word_1_132' title='bbox 897 1691 1087 1750; x_wconf 88' lang='lat' dir='ltr'><strong>Conetoduno</strong></span> 
     </span>
     <span class='ocr_line' id='line_1_18' title="bbox 93 1769 1088 1845; baseline -0.002 -17"><span class='ocrx_word' id='word_1_133' title='bbox 93 1769 231 1837; x_wconf 84' lang='lat' dir='ltr'><strong>ducibus,</strong></span> <span class='ocrx_word' id='word_1_134' title='bbox 246 1769 400 1845; x_wconf 86' lang='lat' dir='ltr'><strong>desperatis</strong></span> <span class='ocrx_word' id='word_1_135' title='bbox 422 1771 596 1838; x_wconf 88' lang='lat' dir='ltr'><strong>hominibus,</strong></span> <span class='ocrx_word' id='word_1_136' title='bbox 609 1770 762 1828; x_wconf 77' lang='lat' dir='ltr'><strong>Cenabum</strong></span> <span class='ocrx_word' id='word_1_137' title='bbox 784 1771 852 1826; x_wconf 90' lang='lat' dir='ltr'><strong>dato</strong></span> <span class='ocrx_word' id='word_1_138' title='bbox 864 1771 947 1844; x_wconf 88' lang='lat' dir='ltr'><strong>signo</strong></span> <span class='ocrx_word' id='word_1_139' title='bbox 967 1789 1088 1826; x_wconf 89' lang='lat' dir='ltr'><strong>concur-</strong></span> 
     </span>
     <span class='ocr_line' id='line_1_19' title="bbox 93 1847 1088 1925; baseline -0.001 -18"><span class='ocrx_word' id='word_1_140' title='bbox 93 1859 180 1918; x_wconf 87' lang='lat' dir='ltr'><strong>runt;</strong></span> <span class='ocrx_word' id='word_1_141' title='bbox 202 1847 514 1924; x_wconf 54' lang='lat' dir='ltr'><strong>civesque-Romanos,</strong></span> <span class='ocrx_word' id='word_1_142' title='bbox 528 1850 577 1925; x_wconf 90' lang='lat' dir='ltr'><strong>qui</strong></span> <span class='ocrx_word' id='word_1_143' title='bbox 600 1849 766 1924; x_wconf 87' lang='lat' dir='ltr'><strong>negotiandi</strong></span> <span class='ocrx_word' id='word_1_144' title='bbox 787 1849 875 1906; x_wconf 76' lang='lat' dir='ltr'><strong>causd</strong></span> <span class='ocrx_word' id='word_1_145' title='bbox 896 1848 937 1904; x_wconf 89' lang='lat' dir='ltr'><strong>ibi</strong></span> <span class='ocrx_word' id='word_1_146' title='bbox 955 1847 1088 1906; x_wconf 90' lang='lat' dir='ltr'><strong>constite-</strong></span> 
     </span>
     <span class='ocr_line' id='line_1_20' title="bbox 94 1927 1087 2002; baseline -0.001 -16"><span class='ocrx_word' id='word_1_147' title='bbox 94 1939 172 1996; x_wconf 84' lang='lat' dir='ltr'><strong>rant,</strong></span> <span class='ocrx_word' id='word_1_148' title='bbox 187 1927 217 1984; x_wconf 92' lang='lat' dir='ltr'><strong>in</strong></span> <span class='ocrx_word' id='word_1_149' title='bbox 237 1929 282 1984; x_wconf 90' lang='lat' dir='ltr'><strong>his</strong></span> <span class='ocrx_word' id='word_1_150' title='bbox 295 1927 330 1985; x_wconf 91' lang='lat' dir='ltr'><strong>C.</strong></span> <span class='ocrx_word' id='word_1_151' title='bbox 345 1927 466 1986; x_wconf 82' lang='lat' dir='ltr'><strong>Fusium</strong></span> <span class='ocrx_word' id='word_1_152' title='bbox 480 1928 587 1996; x_wconf 85' lang='lat' dir='ltr'><strong>Citam,</strong></span> <span class='ocrx_word' id='word_1_153' title='bbox 601 1930 752 1986; x_wconf 88' lang='lat' dir='ltr'><strong>honestum</strong></span> <span class='ocrx_word' id='word_1_154' title='bbox 765 1927 891 2002; x_wconf 87' lang='lat' dir='ltr'><strong>equitem</strong></span> <span class='ocrx_word' id='word_1_155' title='bbox 911 1927 1087 1996; x_wconf 86' lang='lat' dir='ltr'><strong>Romanurn,</strong></span> 
     </span>
     <span class='ocr_line' id='line_1_21' title="bbox 94 1970 1134 2084; baseline 0.005 -21"><span class='ocrx_word' id='word_1_156' title='bbox 94 2009 144 2082; x_wconf 91' lang='lat' dir='ltr'><strong>qui</strong></span> <span class='ocrx_word' id='word_1_157' title='bbox 178 2007 220 2064; x_wconf 86' lang='lat' dir='ltr'><strong>rei</strong></span> <span class='ocrx_word' id='word_1_158' title='bbox 246 2007 438 2065; x_wconf 75' lang='lat' dir='ltr'><strong>frumentariae</strong></span> <span class='ocrx_word' id='word_1_159' title='bbox 469 2008 550 2084; x_wconf 81' lang='lat' dir='ltr'><strong>jussu</strong></span> <span class='ocrx_word' id='word_1_160' title='bbox 581 2007 705 2065; x_wconf 70' lang='lat' dir='ltr'><strong>Caesaris</strong></span> <span class='ocrx_word' id='word_1_161' title='bbox 737 2017 867 2084; x_wconf 80' lang='lat' dir='ltr'><strong>praeerat,</strong></span> <span class='ocrx_word' id='word_1_162' title='bbox 902 1970 1134 2075; x_wconf 47' lang='lat' dir='ltr'><strong>interficiunt&amp;</strong></span> 
     </span>
     <span class='ocr_line' id='line_1_22' title="bbox 95 2085 1088 2162; baseline 0 -18"><span class='ocrx_word' id='word_1_163' title='bbox 95 2087 228 2161; x_wconf 88' lang='lat' dir='ltr'><strong>bonaque</strong></span> <span class='ocrx_word' id='word_1_164' title='bbox 238 2105 337 2144; x_wconf 84' lang='lat' dir='ltr'><strong>eorum</strong></span> <span class='ocrx_word' id='word_1_165' title='bbox 348 2086 495 2162; x_wconf 90' lang='lat' dir='ltr'><strong>diripiunt.</strong></span> <span class='ocrx_word' id='word_1_166' title='bbox 537 2087 678 2146; x_wconf 85' lang='lat' dir='ltr'><strong>Celeriter</strong></span> <span class='ocrx_word' id='word_1_167' title='bbox 689 2086 725 2154; x_wconf 89' lang='lat' dir='ltr'><strong>ad</strong></span> <span class='ocrx_word' id='word_1_168' title='bbox 735 2106 836 2144; x_wconf 86' lang='lat' dir='ltr'><strong>omues</strong></span> <span class='ocrx_word' id='word_1_169' title='bbox 845 2085 947 2144; x_wconf 77' lang='lat' dir='ltr'><strong>Gallia</strong></span> <span class='ocrx_word' id='word_1_170' title='bbox 957 2086 1088 2144; x_wconf 88' lang='lat' dir='ltr'><strong>civitates</strong></span> 
     </span>
     <span class='ocr_line' id='line_1_23' title="bbox 95 2164 1088 2264; baseline 0.001 -42"><span class='ocrx_word' id='word_1_171' title='bbox 95 2165 174 2222; x_wconf 79' lang='lat' dir='ltr'><strong>sama</strong></span> <span class='ocrx_word' id='word_1_172' title='bbox 192 2165 348 2241; x_wconf 81' lang='lat' dir='ltr'><strong>perfertur;</strong></span> <span class='ocrx_word' id='word_1_173' title='bbox 372 2165 464 2243; x_wconf 80' lang='lat' dir='ltr'><strong>(nam,</strong></span> <span class='ocrx_word' id='word_1_174' title='bbox 478 2164 528 2222; x_wconf 94' lang='lat' dir='ltr'><strong>ubi</strong></span> <span class='ocrx_word' id='word_1_175' title='bbox 548 2166 638 2264; x_wconf 70' lang='lat' dir='ltr'><strong>major</strong></span> <span class='ocrx_word' id='word_1_176' title='bbox 653 2177 737 2242; x_wconf 88' lang='lat' dir='ltr'><strong>atque</strong></span> <span class='ocrx_word' id='word_1_177' title='bbox 757 2165 891 2224; x_wconf 88' lang='lat' dir='ltr'><strong>illustrior</strong></span> <span class='ocrx_word' id='word_1_178' title='bbox 912 2165 1013 2223; x_wconf 88' lang='lat' dir='ltr'><strong>incidit</strong></span> <span class='ocrx_word' id='word_1_179' title='bbox 1033 2185 1088 2235; x_wconf 89' lang='lat' dir='ltr'><strong>res,</strong></span> 
     </span>
     <span class='ocr_line' id='line_1_24' title="bbox 95 2243 1090 2322; baseline 0.002 -21"><span class='ocrx_word' id='word_1_180' title='bbox 95 2243 221 2302; x_wconf 89' lang='lat' dir='ltr'><strong>clamore</strong></span> <span class='ocrx_word' id='word_1_181' title='bbox 234 2263 284 2320; x_wconf 90' lang='lat' dir='ltr'><strong>per</strong></span> <span class='ocrx_word' id='word_1_182' title='bbox 299 2263 382 2320; x_wconf 85' lang='lat' dir='ltr'><strong>agros</strong></span> <span class='ocrx_word' id='word_1_183' title='bbox 395 2245 584 2320; x_wconf 80' lang='lat' dir='ltr'><strong>regionesque</strong></span> <span class='ocrx_word' id='word_1_184' title='bbox 596 2245 761 2320; x_wconf 86' lang='lat' dir='ltr'><strong>significant</strong></span> <span class='ocrx_word' id='word_1_185' title='bbox 769 2265 777 2316; x_wconf 90' lang='lat'>;</span> <span class='ocrx_word' id='word_1_186' title='bbox 798 2248 877 2303; x_wconf 90' lang='lat' dir='ltr'><strong>hunc</strong></span> <span class='ocrx_word' id='word_1_187' title='bbox 891 2245 939 2304; x_wconf 92' lang='lat' dir='ltr'><strong>alii</strong></span> <span class='ocrx_word' id='word_1_188' title='bbox 953 2245 1090 2322; x_wconf 87' lang='lat' dir='ltr'><strong>deinceps</strong></span> 
     </span>
     <span class='ocr_line' id='line_1_25' title="bbox 95 2323 1149 2404; baseline 0.002 -24"><span class='ocrx_word' id='word_1_189' title='bbox 95 2323 254 2398; x_wconf 87' lang='lat' dir='ltr'><strong>excipiunt,</strong></span> <span class='ocrx_word' id='word_1_190' title='bbox 275 2333 305 2380; x_wconf 92' lang='lat' dir='ltr'><strong>et</strong></span> <span class='ocrx_word' id='word_1_191' title='bbox 325 2323 461 2399; x_wconf 85' lang='lat' dir='ltr'><strong>proximis</strong></span> <span class='ocrx_word' id='word_1_192' title='bbox 482 2325 616 2394; x_wconf 80' lang='lat' dir='ltr'><strong>tradunt3</strong></span> <span class='ocrx_word' id='word_1_193' title='bbox 645 2335 677 2381; x_wconf 91' lang='lat' dir='ltr'><strong>ut</strong></span> <span class='ocrx_word' id='word_1_194' title='bbox 689 2335 751 2382; x_wconf 92' lang='lat' dir='ltr'><strong>tum</strong></span> <span class='ocrx_word' id='word_1_195' title='bbox 773 2325 913 2404; x_wconf 80' lang='lat' dir='ltr'><strong>acciditz)</strong></span> <span class='ocrx_word' id='word_1_196' title='bbox 934 2344 1011 2393; x_wconf 89' lang='lat' dir='ltr'><strong>nam,</strong></span> <span class='ocrx_word' id='word_1_197' title='bbox 1026 2343 1089 2400; x_wconf 79' lang='lat' dir='ltr'><strong>que</strong></span> <span class='ocrx_word' id='word_1_198' title='bbox 1146 2381 1149 2388; x_wconf 82' lang='grc'><strong>,</strong></span> 
     </span>
     <span class='ocr_line' id='line_1_26' title="bbox 95 2402 1191 2479; baseline -0.002 -19"><span class='ocrx_word' id='word_1_199' title='bbox 95 2402 212 2460; x_wconf 86' lang='lat' dir='ltr'><strong>Genabi</strong></span> <span class='ocrx_word' id='word_1_200' title='bbox 234 2402 344 2460; x_wconf 88' lang='lat' dir='ltr'><strong>oriente</strong></span> <span class='ocrx_word' id='word_1_201' title='bbox 371 2403 429 2460; x_wconf 88' lang='lat' dir='ltr'><strong>sole</strong></span> <span class='ocrx_word' id='word_1_202' title='bbox 452 2413 534 2479; x_wconf 77' lang='lat' dir='ltr'><strong>gesta</strong></span> <span class='ocrx_word' id='word_1_203' title='bbox 559 2414 665 2470; x_wconf 87' lang='lat' dir='ltr'><strong>essent,</strong></span> <span class='ocrx_word' id='word_1_204' title='bbox 694 2413 759 2460; x_wconf 88' lang='lat' dir='ltr'><strong>ante</strong></span> <span class='ocrx_word' id='word_1_205' title='bbox 786 2403 907 2477; x_wconf 90' lang='lat' dir='ltr'><strong>primam</strong></span> <span class='ocrx_word' id='word_1_206' title='bbox 928 2404 1133 2464; x_wconf 72' lang='lat' dir='ltr'><strong>confectam25</strong></span> <span class='ocrx_word' id='word_1_207' title='bbox 1188 2455 1191 2458; x_wconf 87' lang='lat'>.</span> 
     </span>
     <span class='ocr_line' id='line_1_27' title="bbox 95 2479 1089 2557; baseline 0.002 -20"><span class='ocrx_word' id='word_1_208' title='bbox 95 2480 224 2557; x_wconf 83' lang='lat' dir='ltr'><strong>vigiliam</strong></span> <span class='ocrx_word' id='word_1_209' title='bbox 248 2479 278 2537; x_wconf 87' lang='lat' dir='ltr'><strong>in</strong></span> <span class='ocrx_word' id='word_1_210' title='bbox 299 2481 405 2538; x_wconf 88' lang='lat' dir='ltr'><strong>finibus</strong></span> <span class='ocrx_word' id='word_1_211' title='bbox 429 2482 624 2540; x_wconf 80' lang='lat' dir='ltr'><strong>Arvernorum</strong></span> <span class='ocrx_word' id='word_1_212' title='bbox 649 2481 747 2539; x_wconf 86' lang='lat' dir='ltr'><strong>audita</strong></span> <span class='ocrx_word' id='word_1_213' title='bbox 766 2491 849 2537; x_wconf 86' lang='lat' dir='ltr'><strong>sunt:</strong></span> <span class='ocrx_word' id='word_1_214' title='bbox 870 2481 945 2556; x_wconf 90' lang='lat' dir='ltr'><strong>quod</strong></span> <span class='ocrx_word' id='word_1_215' title='bbox 966 2483 1089 2557; x_wconf 86' lang='lat' dir='ltr'><strong>spatium</strong></span> 
     </span>
     <span class='ocr_line' id='line_1_28' title="bbox 96 2559 1106 2620; baseline 0.006 -4"><span class='ocrx_word' id='word_1_216' title='bbox 96 2570 141 2616; x_wconf 91' lang='lat' dir='ltr'><strong>est</strong></span> <span class='ocrx_word' id='word_1_217' title='bbox 154 2559 276 2620; x_wconf 88' lang='lat' dir='ltr'><strong>millium</strong></span> <span class='ocrx_word' id='word_1_218' title='bbox 290 2560 406 2617; x_wconf 88' lang='lat' dir='ltr'><strong>circiter</strong></span> <span class='ocrx_word' id='word_1_219' title='bbox 420 2560 513 2618; x_wconf 87' lang='lat' dir='ltr'><strong>CLX.</strong></span> <span class='ocrx_word' id='word_1_220' title='bbox 1102 2584 1106 2588; x_wconf 88' lang='lat'>·</span> 
     </span>
    </p>

    <p class='ocr_par' dir='ltr' id='par_1_5' title="bbox 95 2636 1138 3979">
     <span class='ocr_line' id='line_1_29' title="bbox 137 2636 1089 2715; baseline 0 -21"><span class='ocrx_word' id='word_1_221' title='bbox 137 2637 192 2694; x_wconf 86' lang='lat' dir='ltr'><strong>lv.</strong></span> <span class='ocrx_word' id='word_1_222' title='bbox 234 2639 327 2696; x_wconf 85' lang='lat' dir='ltr'><strong>Simili</strong></span> <span class='ocrx_word' id='word_1_223' title='bbox 341 2639 451 2696; x_wconf 89' lang='lat' dir='ltr'><strong>ratione</strong></span> <span class='ocrx_word' id='word_1_224' title='bbox 466 2639 505 2697; x_wconf 93' lang='lat' dir='ltr'><strong>ibi</strong></span> <span class='ocrx_word' id='word_1_225' title='bbox 519 2639 749 2715; x_wconf 86' lang='lat' dir='ltr'><strong>Vercingetorix,</strong></span> <span class='ocrx_word' id='word_1_226' title='bbox 764 2636 871 2695; x_wconf 91' lang='lat' dir='ltr'><strong>Celtilli</strong></span> <span class='ocrx_word' id='word_1_227' title='bbox 885 2636 970 2704; x_wconf 87' lang='lat' dir='ltr'><strong>tilius,</strong></span> <span class='ocrx_word' id='word_1_228' title='bbox 986 2637 1089 2694; x_wconf 83' lang='lat' dir='ltr'><strong>Arver-</strong></span> 
     </span>
     <span class='ocr_line' id='line_1_30' title="bbox 96 2715 1089 2794; baseline -0.002 -19"><span class='ocrx_word' id='word_1_229' title='bbox 96 2735 163 2784; x_wconf 88' lang='lat' dir='ltr'><strong>nus,</strong></span> <span class='ocrx_word' id='word_1_230' title='bbox 188 2735 305 2774; x_wconf 78' lang='lat' dir='ltr'><strong>summe</strong></span> <span class='ocrx_word' id='word_1_231' title='bbox 327 2718 461 2792; x_wconf 75' lang='lat' dir='ltr'><strong>potentia</strong></span> <span class='ocrx_word' id='word_1_232' title='bbox 484 2719 661 2786; x_wconf 84' lang='lat' dir='ltr'><strong>adolescens,</strong></span> <span class='ocrx_word' id='word_1_233' title='bbox 681 2717 778 2794; x_wconf 87' lang='lat' dir='ltr'><strong>(cnjus</strong></span> <span class='ocrx_word' id='word_1_234' title='bbox 798 2727 878 2794; x_wconf 88' lang='lat' dir='ltr'><strong>pater</strong></span> <span class='ocrx_word' id='word_1_235' title='bbox 897 2715 1089 2792; x_wconf 84' lang='lat' dir='ltr'><strong>principatum</strong></span> 
     </span>
     <span class='ocr_line' id='line_1_31' title="bbox 95 2793 1135 2872; baseline 0.001 -18"><span class='ocrx_word' id='word_1_236' title='bbox 95 2795 199 2854; x_wconf 79' lang='lat' dir='ltr'><strong>Gallie</strong></span> <span class='ocrx_word' id='word_1_237' title='bbox 221 2797 308 2854; x_wconf 91' lang='lat' dir='ltr'><strong>totius</strong></span> <span class='ocrx_word' id='word_1_238' title='bbox 328 2797 500 2865; x_wconf 85' lang='lat' dir='ltr'><strong>obtinuerat,</strong></span> <span class='ocrx_word' id='word_1_239' title='bbox 522 2810 552 2855; x_wconf 90' lang='lat' dir='ltr'><strong>et</strong></span> <span class='ocrx_word' id='word_1_240' title='bbox 574 2799 612 2855; x_wconf 91' lang='lat' dir='ltr'><strong>ob</strong></span> <span class='ocrx_word' id='word_1_241' title='bbox 632 2815 697 2854; x_wconf 88' lang='lat' dir='ltr'><strong>eam</strong></span> <span class='ocrx_word' id='word_1_242' title='bbox 720 2815 847 2864; x_wconf 88' lang='lat' dir='ltr'><strong>causam,</strong></span> <span class='ocrx_word' id='word_1_243' title='bbox 869 2793 946 2872; x_wconf 81' lang='lat' dir='ltr'><strong>qubd</strong></span> <span class='ocrx_word' id='word_1_244' title='bbox 968 2799 1135 2872; x_wconf 70' lang='lat' dir='ltr'><strong>regnumdll</strong></span> 
     </span>
     <span class='ocr_line' id='line_1_32' title="bbox 97 2874 1090 2954; baseline -0.001 -22"><span class='ocrx_word' id='word_1_245' title='bbox 97 2876 260 2952; x_wconf 87' lang='lat' dir='ltr'><strong>appetebat,</strong></span> <span class='ocrx_word' id='word_1_246' title='bbox 273 2876 309 2932; x_wconf 88' lang='lat' dir='ltr'><strong>ab</strong></span> <span class='ocrx_word' id='word_1_247' title='bbox 323 2877 437 2933; x_wconf 84' lang='lat' dir='ltr'><strong>civitate</strong></span> <span class='ocrx_word' id='word_1_248' title='bbox 450 2888 512 2934; x_wconf 90' lang='lat' dir='ltr'><strong>erat</strong></span> <span class='ocrx_word' id='word_1_249' title='bbox 526 2877 718 2954; x_wconf 71' lang='lat' dir='ltr'><strong>interiectus)</strong></span> <span class='ocrx_word' id='word_1_250' title='bbox 729 2877 893 2934; x_wconf 86' lang='lat' dir='ltr'><strong>convocatis</strong></span> <span class='ocrx_word' id='word_1_251' title='bbox 907 2874 966 2932; x_wconf 86' lang='lat' dir='ltr'><strong>suis</strong></span> <span class='ocrx_word' id='word_1_252' title='bbox 979 2874 1090 2932; x_wconf 90' lang='lat' dir='ltr'><strong>clienti·</strong></span> 
     </span>
     <span class='ocr_line' id='line_1_33' title="bbox 97 2953 1091 3030; baseline -0.001 -20"><span class='ocrx_word' id='word_1_253' title='bbox 97 2955 162 3022; x_wconf 87' lang='lat' dir='ltr'><strong>bus,</strong></span> <span class='ocrx_word' id='word_1_254' title='bbox 189 2953 275 3011; x_wconf 75' lang='lat' dir='ltr'><strong>facile</strong></span> <span class='ocrx_word' id='word_1_255' title='bbox 297 2973 347 3012; x_wconf 90' lang='lat' dir='ltr'><strong>eos</strong></span> <span class='ocrx_word' id='word_1_256' title='bbox 375 2953 512 3013; x_wconf 84' lang='lat' dir='ltr'><strong>incendit</strong></span> <span class='ocrx_word' id='word_1_257' title='bbox 564 2955 689 3030; x_wconf 90' lang='lat' dir='ltr'><strong>Cognito</strong></span> <span class='ocrx_word' id='word_1_258' title='bbox 711 2954 774 3030; x_wconf 89' lang='lat' dir='ltr'><strong>ejus</strong></span> <span class='ocrx_word' id='word_1_259' title='bbox 797 2954 926 3021; x_wconf 89' lang='lat' dir='ltr'><strong>consilio,</strong></span> <span class='ocrx_word' id='word_1_260' title='bbox 952 2954 987 3011; x_wconf 94' lang='lat' dir='ltr'><strong>ad</strong></span> <span class='ocrx_word' id='word_1_261' title='bbox 1012 2971 1091 3010; x_wconf 84' lang='lat' dir='ltr'><strong>arma</strong></span> 
     </span>
     <span class='ocr_line' id='line_1_34' title="bbox 97 3031 1091 3110; baseline -0.003 -19"><span class='ocrx_word' id='word_1_262' title='bbox 97 3034 297 3092; x_wconf 83' lang='lat' dir='ltr'><strong>concurritur:</strong></span> <span class='ocrx_word' id='word_1_263' title='bbox 319 3034 356 3090; x_wconf 89' lang='lat' dir='ltr'><strong>ab</strong></span> <span class='ocrx_word' id='word_1_264' title='bbox 368 3034 572 3102; x_wconf 87' lang='lat' dir='ltr'><strong>Gobanitione,</strong></span> <span class='ocrx_word' id='word_1_265' title='bbox 583 3045 685 3110; x_wconf 88' lang='lat' dir='ltr'><strong>patruo</strong></span> <span class='ocrx_word' id='word_1_266' title='bbox 694 3053 756 3102; x_wconf 85' lang='lat' dir='ltr'><strong>suo,</strong></span> <span class='ocrx_word' id='word_1_267' title='bbox 771 3033 943 3108; x_wconf 90' lang='lat' dir='ltr'><strong>reliquisque</strong></span> <span class='ocrx_word' id='word_1_268' title='bbox 955 3031 1091 3109; x_wconf 88' lang='lat' dir='ltr'><strong>principi-</strong></span> 
     </span>
     <span class='ocr_line' id='line_1_35' title="bbox 97 3111 1091 3188; baseline 0 -20"><span class='ocrx_word' id='word_1_269' title='bbox 97 3113 161 3184; x_wconf 87' lang='lat' dir='ltr'><strong>bus,</strong></span> <span class='ocrx_word' id='word_1_270' title='bbox 173 3111 222 3187; x_wconf 89' lang='lat' dir='ltr'><strong>qui</strong></span> <span class='ocrx_word' id='word_1_271' title='bbox 237 3114 313 3169; x_wconf 89' lang='lat' dir='ltr'><strong>hanc</strong></span> <span class='ocrx_word' id='word_1_272' title='bbox 323 3113 490 3170; x_wconf 83' lang='lat' dir='ltr'><strong>tentandam</strong></span> <span class='ocrx_word' id='word_1_273' title='bbox 500 3114 642 3171; x_wconf 77' lang='lat' dir='ltr'><strong>fortunam</strong></span> <span class='ocrx_word' id='word_1_274' title='bbox 651 3131 708 3169; x_wconf 93' lang='lat' dir='ltr'><strong>non</strong></span> <span class='ocrx_word' id='word_1_275' title='bbox 719 3111 931 3180; x_wconf 82' lang='lat' dir='ltr'><strong>existimabant,</strong></span> <span class='ocrx_word' id='word_1_276' title='bbox 942 3111 1091 3188; x_wconf 83' lang='lat' dir='ltr'><strong>expellitur</strong></span> 
     </span>
     <span class='ocr_line' id='line_1_36' title="bbox 97 3191 1136 3268; baseline 0.001 -19"><span class='ocrx_word' id='word_1_277' title='bbox 97 3209 132 3249; x_wconf 89' lang='lat' dir='ltr'><strong>ex</strong></span> <span class='ocrx_word' id='word_1_278' title='bbox 145 3192 255 3267; x_wconf 92' lang='lat' dir='ltr'><strong>oppido</strong></span> <span class='ocrx_word' id='word_1_279' title='bbox 269 3191 428 3268; x_wconf 70' lang='lat' dir='ltr'><strong>Gergovia:</strong></span> <span class='ocrx_word' id='word_1_280' title='bbox 449 3212 508 3250; x_wconf 89' lang='lat' dir='ltr'><strong>non</strong></span> <span class='ocrx_word' id='word_1_281' title='bbox 521 3192 630 3250; x_wconf 87' lang='lat' dir='ltr'><strong>destitit</strong></span> <span class='ocrx_word' id='word_1_282' title='bbox 649 3201 757 3260; x_wconf 87' lang='lat' dir='ltr'><strong>tamen,</strong></span> <span class='ocrx_word' id='word_1_283' title='bbox 773 3203 857 3268; x_wconf 89' lang='lat' dir='ltr'><strong>atque</strong></span> <span class='ocrx_word' id='word_1_284' title='bbox 871 3192 900 3249; x_wconf 89' lang='lat' dir='ltr'><strong>in</strong></span> <span class='ocrx_word' id='word_1_285' title='bbox 916 3192 991 3266; x_wconf 87' lang='lat' dir='ltr'><strong>agris</strong></span> <span class='ocrx_word' id='word_1_286' title='bbox 1005 3191 1136 3250; x_wconf 70' lang='lat' dir='ltr'><strong>hebetas</strong></span> 
     </span>
     <span class='ocr_line' id='line_1_37' title="bbox 96 3270 1090 3348; baseline -0.003 -21"><span class='ocrx_word' id='word_1_287' title='bbox 96 3270 237 3328; x_wconf 86' lang='lat' dir='ltr'><strong>dilectum</strong></span> <span class='ocrx_word' id='word_1_288' title='bbox 271 3271 418 3346; x_wconf 90' lang='lat' dir='ltr'><strong>egentium</strong></span> <span class='ocrx_word' id='word_1_289' title='bbox 453 3292 487 3330; x_wconf 90' lang='lat' dir='ltr'><strong>ac</strong></span> <span class='ocrx_word' id='word_1_290' title='bbox 520 3271 702 3348; x_wconf 88' lang='lat' dir='ltr'><strong>perditorum.</strong></span> <span class='ocrx_word' id='word_1_291' title='bbox 758 3271 825 3331; x_wconf 73' lang='lat' dir='ltr'><strong>Hic</strong></span> <span class='ocrx_word' id='word_1_292' title='bbox 858 3271 960 3328; x_wconf 68' lang='lat' dir='ltr'><strong>coacti</strong></span> <span class='ocrx_word' id='word_1_293' title='bbox 992 3287 1090 3336; x_wconf 89' lang='lat' dir='ltr'><strong>manu,</strong></span> 
     </span>
     <span class='ocr_line' id='line_1_38' title="bbox 96 3345 1090 3427; baseline -0.002 -21"><span class='ocrx_word' id='word_1_294' title='bbox 96 3367 285 3427; x_wconf 90' lang='lat' dir='ltr'><strong>quoscunque</strong></span> <span class='ocrx_word' id='word_1_295' title='bbox 307 3349 366 3406; x_wconf 90' lang='lat' dir='ltr'><strong>adit</strong></span> <span class='ocrx_word' id='word_1_296' title='bbox 389 3369 425 3407; x_wconf 89' lang='lat' dir='ltr'><strong>ex</strong></span> <span class='ocrx_word' id='word_1_297' title='bbox 446 3351 572 3421; x_wconf 86' lang='lat' dir='ltr'><strong>civitate,</strong></span> <span class='ocrx_word' id='word_1_298' title='bbox 594 3351 629 3407; x_wconf 90' lang='lat' dir='ltr'><strong>ad</strong></span> <span class='ocrx_word' id='word_1_299' title='bbox 650 3369 731 3407; x_wconf 87' lang='lat' dir='ltr'><strong>suam</strong></span> <span class='ocrx_word' id='word_1_300' title='bbox 752 3349 923 3408; x_wconf 85' lang='lat' dir='ltr'><strong>sententiam</strong></span> <span class='ocrx_word' id='word_1_301' title='bbox 944 3345 1090 3422; x_wconf 90' lang='lat' dir='ltr'><strong>perducit:</strong></span> 
     </span>
     <span class='ocr_line' id='line_1_39' title="bbox 97 3427 1092 3503; baseline -0.005 -17"><span class='ocrx_word' id='word_1_302' title='bbox 97 3429 237 3498; x_wconf 90' lang='lat' dir='ltr'><strong>bortatur,</strong></span> <span class='ocrx_word' id='word_1_303' title='bbox 259 3439 290 3484; x_wconf 94' lang='lat' dir='ltr'><strong>ut</strong></span> <span class='ocrx_word' id='word_1_304' title='bbox 310 3431 472 3487; x_wconf 90' lang='lat' dir='ltr'><strong>communis</strong></span> <span class='ocrx_word' id='word_1_305' title='bbox 492 3429 631 3486; x_wconf 88' lang='lat' dir='ltr'><strong>libertatis</strong></span> <span class='ocrx_word' id='word_1_306' title='bbox 652 3429 741 3486; x_wconf 79' lang='lat' dir='ltr'><strong>causi</strong></span> <span class='ocrx_word' id='word_1_307' title='bbox 763 3447 841 3486; x_wconf 86' lang='lat' dir='ltr'><strong>arma</strong></span> <span class='ocrx_word' id='word_1_308' title='bbox 862 3427 993 3503; x_wconf 87' lang='lat' dir='ltr'><strong>capiant:</strong></span> <span class='ocrx_word' id='word_1_309' title='bbox 1014 3444 1092 3502; x_wconf 82' lang='lat' dir='ltr'><strong>mag-</strong></span> 
     </span>
     <span class='ocr_line' id='line_1_40' title="bbox 95 3503 1092 3584; baseline 0.002 -20"><span class='ocrx_word' id='word_1_310' title='bbox 95 3507 201 3581; x_wconf 88' lang='lat' dir='ltr'><strong>nisque</strong></span> <span class='ocrx_word' id='word_1_311' title='bbox 222 3507 331 3564; x_wconf 90' lang='lat' dir='ltr'><strong>coactis</strong></span> <span class='ocrx_word' id='word_1_312' title='bbox 353 3509 453 3584; x_wconf 89' lang='lat' dir='ltr'><strong>copiis,</strong></span> <span class='ocrx_word' id='word_1_313' title='bbox 475 3508 651 3566; x_wconf 86' lang='lat' dir='ltr'><strong>adversarios</strong></span> <span class='ocrx_word' id='word_1_314' title='bbox 671 3527 747 3574; x_wconf 87' lang='lat' dir='ltr'><strong>suos,</strong></span> <span class='ocrx_word' id='word_1_315' title='bbox 762 3527 779 3564; x_wconf 88' lang='lat' dir='ltr'><strong>a</strong></span> <span class='ocrx_word' id='word_1_316' title='bbox 792 3506 895 3582; x_wconf 85' lang='lat' dir='ltr'><strong>quibus</strong></span> <span class='ocrx_word' id='word_1_317' title='bbox 915 3503 1002 3580; x_wconf 80' lang='lat' dir='ltr'><strong>paulb</strong></span> <span class='ocrx_word' id='word_1_318' title='bbox 1024 3505 1092 3566; x_wconf 75' lang='lat' dir='ltr'><strong>ante</strong></span> 
     </span>
     <span class='ocr_line' id='line_1_41' title="bbox 96 3583 1138 3662; baseline 0.005 -19"><span class='ocrx_word' id='word_1_319' title='bbox 96 3595 162 3643; x_wconf 85' lang='lat' dir='ltr'><strong>erat</strong></span> <span class='ocrx_word' id='word_1_320' title='bbox 186 3586 303 3660; x_wconf 88' lang='lat' dir='ltr'><strong>ejectus,</strong></span> <span class='ocrx_word' id='word_1_321' title='bbox 325 3587 442 3662; x_wconf 89' lang='lat' dir='ltr'><strong>expellit</strong></span> <span class='ocrx_word' id='word_1_322' title='bbox 463 3607 499 3646; x_wconf 90' lang='lat' dir='ltr'><strong>ex</strong></span> <span class='ocrx_word' id='word_1_323' title='bbox 518 3587 643 3645; x_wconf 87' lang='lat' dir='ltr'><strong>civitate.</strong></span> <span class='ocrx_word' id='word_1_324' title='bbox 686 3585 753 3644; x_wconf 87' lang='lat' dir='ltr'><strong>Rex</strong></span> <span class='ocrx_word' id='word_1_325' title='bbox 775 3587 811 3643; x_wconf 90' lang='lat' dir='ltr'><strong>ab</strong></span> <span class='ocrx_word' id='word_1_326' title='bbox 834 3583 893 3642; x_wconf 84' lang='lat' dir='ltr'><strong>suis</strong></span> <span class='ocrx_word' id='word_1_327' title='bbox 914 3584 1138 3662; x_wconf 73' lang='lat' dir='ltr'><strong>appellaturtit)</strong></span> 
     </span>
     <span class='ocr_line' id='line_1_42' title="bbox 96 3663 1095 3743; baseline 0.002 -22"><span class='ocrx_word' id='word_1_328' title='bbox 96 3663 218 3721; x_wconf 89' lang='lat' dir='ltr'><strong>dimittit</strong></span> <span class='ocrx_word' id='word_1_329' title='bbox 237 3663 451 3740; x_wconf 81' lang='lat' dir='ltr'><strong>quoquoversds</strong></span> <span class='ocrx_word' id='word_1_330' title='bbox 471 3668 646 3743; x_wconf 86' lang='lat' dir='ltr'><strong>legationes:</strong></span> <span class='ocrx_word' id='word_1_331' title='bbox 666 3667 832 3731; x_wconf 84' lang='lat' dir='ltr'><strong>obtestatur,</strong></span> <span class='ocrx_word' id='word_1_332' title='bbox 848 3674 886 3734; x_wconf 79' lang='lat' dir='ltr'><strong>¹ut</strong></span> <span class='ocrx_word' id='word_1_333' title='bbox 907 3663 937 3722; x_wconf 91' lang='lat' dir='ltr'><strong>in</strong></span> <span class='ocrx_word' id='word_1_334' title='bbox 958 3665 1014 3722; x_wconf 88' lang='lat' dir='ltr'><strong>fide</strong></span> <span class='ocrx_word' id='word_1_335' title='bbox 1035 3685 1095 3722; x_wconf 88' lang='lat' dir='ltr'><strong>ma·</strong></span> 
     </span>
     <span class='ocr_line' id='line_1_43' title="bbox 97 3743 1091 3816; baseline -0.002 -15"><span class='ocrx_word' id='word_1_336' title='bbox 97 3754 197 3802; x_wconf 90' lang='lat' dir='ltr'><strong>neant.</strong></span> <span class='ocrx_word' id='word_1_337' title='bbox 238 3744 380 3802; x_wconf 89' lang='lat' dir='ltr'><strong>Celeriter</strong></span> <span class='ocrx_word' id='word_1_338' title='bbox 394 3745 449 3802; x_wconf 90' lang='lat' dir='ltr'><strong>sibi</strong></span> <span class='ocrx_word' id='word_1_339' title='bbox 470 3747 610 3812; x_wconf 83' lang='lat' dir='ltr'><strong>Senones,</strong></span> <span class='ocrx_word' id='word_1_340' title='bbox 624 3744 759 3815; x_wconf 86' lang='lat' dir='ltr'><strong>Parisios,</strong></span> <span class='ocrx_word' id='word_1_341' title='bbox 773 3743 918 3816; x_wconf 84' lang='lat' dir='ltr'><strong>Pictones,</strong></span> <span class='ocrx_word' id='word_1_342' title='bbox 932 3744 1091 3812; x_wconf 85' lang='lat' dir='ltr'><strong>Cadurcos,</strong></span> 
     </span>
     <span class='ocr_line' id='line_1_44' title="bbox 96 3821 1090 3899; baseline -0.005 -19"><span class='ocrx_word' id='word_1_343' title='bbox 96 3823 243 3890; x_wconf 82' lang='lat' dir='ltr'><strong>Turones,</strong></span> <span class='ocrx_word' id='word_1_344' title='bbox 270 3823 421 3891; x_wconf 81' lang='lat' dir='ltr'><strong>Aulercos,</strong></span> <span class='ocrx_word' id='word_1_345' title='bbox 447 3824 626 3891; x_wconf 85' lang='lat' dir='ltr'><strong>Lemovices,</strong></span> <span class='ocrx_word' id='word_1_346' title='bbox 648 3823 758 3890; x_wconf 82' lang='lat' dir='ltr'><strong>Andes,</strong></span> <span class='ocrx_word' id='word_1_347' title='bbox 778 3821 959 3899; x_wconf 83' lang='lat' dir='ltr'><strong>reliquosque</strong></span> <span class='ocrx_word' id='word_1_348' title='bbox 981 3839 1090 3887; x_wconf 87' lang='lat' dir='ltr'><strong>omnes,</strong></span> 
     </span>
     <span class='ocr_line' id='line_1_45' title="bbox 96 3900 1090 3979; baseline -0.007 -19"><span class='ocrx_word' id='word_1_349' title='bbox 96 3903 146 3978; x_wconf 89' lang='lat' dir='ltr'><strong>qui</strong></span> <span class='ocrx_word' id='word_1_350' title='bbox 159 3901 316 3960; x_wconf 81' lang='lat' dir='ltr'><strong>Oceanum</strong></span> <span class='ocrx_word' id='word_1_351' title='bbox 337 3903 492 3979; x_wconf 83' lang='lat' dir='ltr'><strong>attingunt,</strong></span> <span class='ocrx_word' id='word_1_352' title='bbox 508 3903 655 3979; x_wconf 85' lang='lat' dir='ltr'><strong>adjungit:</strong></span> <span class='ocrx_word' id='word_1_353' title='bbox 675 3901 805 3961; x_wconf 85' lang='lat' dir='ltr'><strong>omnium</strong></span> <span class='ocrx_word' id='word_1_354' title='bbox 818 3921 961 3961; x_wconf 84' lang='lat' dir='ltr'><strong>consensu</strong></span> <span class='ocrx_word' id='word_1_355' title='bbox 974 3900 1011 3974; x_wconf 82' lang='lat' dir='ltr'><strong>ad</strong></span> <span class='ocrx_word' id='word_1_356' title='bbox 1023 3915 1090 3954; x_wconf 87' lang='lat' dir='ltr'><strong>eum</strong></span> 
     </span>
    </p>

    <p class='ocr_par' dir='ltr' id='par_1_6' title="bbox 320 3975 1010 4040">
     <span class='ocr_line' id='line_1_46' title="bbox 320 3975 1010 4040; baseline 0 -14"><span class='ocrx_word' id='word_1_357' title='bbox 320 4003 330 4026; x_wconf 68' lang='lat' dir='ltr'><strong>s</strong></span> <span class='ocrx_word' id='word_1_358' title='bbox 420 3982 469 4040; x_wconf 52' lang='lat'><strong>9!</strong></span> <span class='ocrx_word' id='word_1_359' title='bbox 999 3975 1010 3997; x_wconf 79' lang='lat'><strong>&#39;¹</strong></span> 
     </span>
    </p>
   </div>
   <div class='ocr_carea' id='block_1_3' title="bbox 0 0 1290 4422">
    <p class='ocr_par' dir='ltr' id='par_1_7' title="bbox 0 0 1290 4422">
     <span class='ocr_line' id='line_1_47' title="bbox 0 0 1290 4422; baseline 0 0"><span class='ocrx_word' id='word_1_360' title='bbox 0 0 1290 4422; x_wconf 95' lang='lat' dir='ltr'><strong> </strong></span> 
     </span>
    </p>
   </div>
  </div>
 </body>
</html>
