2564 4422
50 435 54 444 ,
159 373 198 430 74
521 367 569 414 ΒΕ
587 365 702 414 RELLO
721 363 877 414 GALLICO
909 419 916 438 ,

161 500 163 506 ’
208 500 305 574 disset,
339 506 489 584 trepidare,
516 525 696 573 concursare,
724 507 908 580 cohortesque
928 504 1096 580 disponere3
1120 506 1185 562 ‘heo

132 627 137 636 .
209 596 305 642 tamen
327 585 388 662 ipsa
405 584 516 652 timide,
532 595 615 660 atque
636 595 667 641 ut
680 603 746 641 eum
758 583 856 641 omnia
875 583 998 640 delicere
1010 583 1184 643 viderentur:

209 664 284 738 quod
306 662 472 740 plerumque
494 663 528 720 iis
550 663 680 720 accidere
700 663 856 730 consuevit,
875 661 923 737 qui
945 661 976 718 in
999 660 1060 736 ipso
1078 661 1186 736 nogotio

210 741 360 798 consilium
381 760 483 818 capere
506 733 668 818 coguntur)
705 740 745 797 At
768 740 863 808 Cotta,
884 739 932 815 qui
952 738 1107 815 cogitasset
1129 739 1186 796 bec

183 829 292 895 5posse
305 820 336 877 in
358 819 458 877 itinere
476 819 618 887 accidere,
634 827 717 894 atque
737 819 775 876 ob
787 836 851 875 earn
872 835 988 875 causam
1008 816 1186 892 profectionis

212 908 309 956 auctor
323 917 379 956 non
401 897 508 965 fuisset,
529 897 609 954 nulla
630 897 704 954 inre
718 896 863 954 communi
881 895 963 953 saluti
984 895 1100 964 deerat3
1120 895 1186 952 etin

212 976 386 1052 appellandis
419 975 656 1051 cohortandisque
685 975 832 1042 militibus,
866 969 1060 1050 imperatoris3
1101 983 1130 1030 et
1160 972 1186 1029 in

210 1055 317 1129 pugna,
331 1052 429 1110 militis
438 1054 534 1122 officia
544 1054 706 1131 praestabat.
746 1054 903 1128 Quumque
915 1062 1027 1127 propter
1040 1051 1187 1126 longitudi-

211 1150 277 1188 nem
289 1131 411 1207 agminis
432 1130 528 1190 mirrha
542 1131 627 1190 facile
640 1151 691 1207 per
704 1151 734 1188 se
747 1131 843 1188 omnia
856 1130 944 1197 obire,
958 1140 988 1187 et
1000 1128 1069 1204 quid
1081 1145 1186 1204 quoquc

167 1220 202 1272 10
211 1209 274 1268 loco
282 1209 445 1267 faciendum
456 1222 540 1279 essct,
551 1210 697 1286 providere
706 1219 830 1285 possent,
838 1209 983 1285 jusserunt
992 1209 1185 1284 pronunciare,

211 1299 243 1345 ut
265 1289 469 1365 impedimenta
491 1289 690 1363 relinquerent,
713 1296 795 1361 atque
819 1286 849 1343 in
872 1287 968 1344 orbem
996 1286 1185 1344 consisterent.

209 1365 298 1429 Quod
319 1367 468 1424 consilium
481 1365 534 1422 etsi
555 1366 585 1421 in
605 1364 743 1440 ejusmodi
757 1383 826 1420 casu
847 1363 1113 1440 reprehendendum
1134 1383 1187 1422 non

210 1455 262 1513 est,
277 1453 372 1500 tamen
387 1442 566 1500 lncommod'd
582 1442 703 1499 accidit:
723 1461 790 1499 nam
804 1451 834 1499 et
847 1443 949 1500 nostris
962 1442 1100 1500 militibus
1112 1462 1188 1518 spem

210 1519 322 1587 minuit,
333 1530 362 1576 et
375 1521 470 1577 hostes
483 1521 519 1577 ad
539 1539 665 1597 pugnam
680 1520 831 1578 alacriores
843 1520 948 1588 effecit,
962 1520 1040 1596 quod
1059 1538 1116 1578 non
1131 1523 1188 1578 sina

167 1609 200 1660 15
210 1616 320 1656 suntme
332 1598 433 1656 timore
447 1608 476 1656 et
486 1599 682 1675 desperatione
696 1599 724 1655 id
733 1599 840 1656 factum
853 1598 1009 1656 videbatur.
1038 1598 1188 1656 ⁴Praeterea

211 1676 325 1745 accidit,
347 1677 421 1752 quod
444 1678 506 1735 fieri
528 1697 646 1736 necesse
666 1688 736 1745 erat,
758 1687 790 1734 ut
812 1675 897 1753 vulgo
921 1677 1025 1734 milites
1045 1675 1082 1734 ab
1104 1673 1189 1754 signis

210 1755 405 1826 discederent;
426 1775 489 1831 quae
510 1756 628 1832 quisque
649 1775 747 1814 eorum
768 1755 914 1814 carissima
935 1755 1061 1822 haberet,
1080 1755 1118 1812 ab
1143 1757 1213 1822 im·,

208 1834 379 1910 pedimentis
391 1846 488 1911 petere
503 1846 586 1910 atque
605 1835 727 1916 arripere
739 1844 902 1910 properaret
910 1853 917 1903 ;
939 1833 1062 1890 clamore
1076 1851 1112 1890 ac
1125 1833 1190 1892 fletu

208 1914 305 1984 omnia
317 1915 532 1990 complerentur.

164 2001 199 2054 20
248 1992 393 2050 XXXIV.
436 1992 476 2050 At
497 1992 624 2049 barbaris
643 1989 793 2048 consilium
811 2010 869 2048 non
890 1989 995 2047 defuit:
1015 2007 1083 2046 nam
1104 1991 1192 2049 duces

209 2087 307 2126 eorum
330 2071 390 2127 total
418 2070 480 2126 acie
505 2068 688 2145 pronunciari
709 2069 863 2144 jusserunt,
889 2068 952 2124 ‘Ne
978 2067 1041 2143 quis
1068 2067 1105 2124 ab
1130 2069 1194 2128 loca

136 2205 141 2210 ,
199 2147 384 2203 discederet:
407 2147 518 2204 illorum
539 2165 601 2203 esse
621 2145 757 2223 predam,
772 2157 855 2221 atque
875 2146 931 2203 illis
950 2145 1098 2214 reservari,
1118 2165 1193 2221 quae·

210 2241 322 2296 cunque
333 2223 460 2280 Romani
471 2224 665 2299 reliquissent:
685 2225 804 2300 proinde
817 2224 914 2283 omnia
927 2224 956 2281 iu
970 2223 1089 2281 victoria
1102 2227 1194 2300 posita

210 2299 422 2358 existimarent'
463 2301 554 2360 Erant
563 2312 593 2360 et
602 2303 704 2361 virtute
718 2314 747 2360 et
756 2301 1120 2378 numeropugnandopares
1130 2321 1194 2362 nos·

95 2393 97 2400 ’
165 2389 200 2441 25
209 2378 255 2446 tri,
264 2390 360 2437 tamen
368 2380 421 2437 etsi
434 2381 469 2438 ab
478 2381 552 2438 duce
565 2392 594 2439 et
603 2401 620 2438 a
629 2382 743 2440 fortunia
750 2382 961 2447 deserebantur,
973 2390 1069 2436 tamen
1078 2398 1194 2440 omnem

133 2517 137 2524 ,
211 2477 289 2534 spem
310 2457 408 2517 salutis
429 2459 459 2517 in
477 2460 579 2517 virtute
599 2461 752 2536 ponebant,
767 2471 805 2528 et,
826 2459 935 2535 quoties
954 2477 1072 2533 quaeque
1093 2460 1194 2519 cohors

209 2547 396 2611 procurreret,
413 2538 448 2596 ab
469 2539 504 2596 eis
524 2549 604 2615 parte
624 2559 746 2615 magnus
766 2537 889 2596 hostium
910 2555 1045 2594 numerus
1061 2537 1194 2596 cadebat.

209 2615 280 2681 Qua
292 2636 323 2674 re
338 2617 544 2683 animadversis,
559 2613 709 2674 Ambiorix
728 2615 911 2693 pronunciari
922 2616 1012 2692 jubet,
1026 2625 1058 2672 ut
1072 2615 1195 2674 ‘Procul

210 2695 267 2750 tela
289 2694 454 2770 conjiciant,
478 2715 535 2752 neu
556 2693 672 2770 propius
696 2695 853 2763 accedent3
875 2705 904 2752 et
926 2713 1009 2768 quam
1031 2693 1060 2750 in
1082 2704 1197 2767 partem

166 2771 351 2834 30Romani'
367 2773 503 2846 impetum
530 2773 659 2838 fecerint,
686 2773 811 2828 cedent:
843 2772 955 2830 levitate
990 2781 1139 2838 armorum,
1168 2785 1197 2831 et

209 2849 374 2926 quotidianis
397 2850 600 2906 exercitatione
620 2849 691 2906 nihil
710 2849 744 2906 iis
764 2849 862 2922 noceri
875 2869 976 2927 posse:
997 2869 1093 2908 rursus
1111 2869 1141 2906 se
1160 2853 1196 2909 ad

210 2927 292 3002 signa
305 2927 475 3002 recipientes
489 2927 691 3002 insequantur?

248 3005 376 3063 XXXV.
416 3006 487 3069 Quo
507 3016 649 3082 precepto
672 3007 708 3064 ab
732 3006 767 3064 iis
793 3007 1010 3084 diligentissima
1034 3008 1196 3077 observato,

209 3101 296 3157 quum
321 3083 460 3158 quapiam
485 3086 585 3144 cohors
606 3105 643 3143 ex
667 3086 736 3144 orbe
762 3097 923 3144 excesserat
946 3097 1029 3161 atque
1054 3085 1197 3162 impetum

165 3169 200 3222 35
210 3161 325 3228 fecerat,
341 3162 435 3217 hostes
448 3162 624 3220 velocissime
643 3163 831 3238 refirgiebant.
873 3164 992 3222 Interim
1006 3183 1069 3222 eam
1083 3175 1196 3240 partem

210 3239 311 3297 nudari
326 3249 528 3306 neocaesarea
543 3250 572 3296 et
593 3240 629 3298 ab
641 3241 729 3298 latere
750 3254 847 3318 aperto
859 3243 917 3300 tela
929 3243 1027 3319 recipi}
1069 3242 1196 3313 Rursus,

210 3337 296 3393 quum
310 3318 340 3376 in
354 3337 420 3376 eum
438 3317 542 3388 locum,
556 3318 634 3376 unde
653 3329 735 3376 erant
748 3322 898 3396 progressi,
919 3321 1020 3378 reverti
1034 3335 1196 3393 creparent,

209 3407 239 3452 et
252 3399 289 3454 ab
302 3398 336 3455 iis
349 3397 398 3473 qui
411 3406 564 3464 cesserant,
579 3407 609 3455 et
619 3398 655 3455 ab
669 3397 704 3454 iis'
716 3399 764 3474 qui
777 3399 897 3474 proximi
911 3405 1053 3461 steterant,
1068 3395 1198 3458 circum-

210 3474 414 3546 veniebantur3
447 3475 491 3532 sin
519 3484 614 3533 autem
639 3476 734 3534 locum
757 3487 855 3536 tenere
877 3476 988 3541 vellent,
1016 3492 1071 3530 nec
1096 3475 1197 3536 virtuti

166 3557 201 3610 to
210 3549 289 3607 locus
309 3555 529 3631 relinquebatur,
542 3572 635 3629 nequa
649 3555 685 3612 ab
704 3556 784 3613 tenth
797 3552 977 3614 multitudine
990 3551 1124 3628 conjecta
1136 3557 1197 3615 tela

210 3628 331 3686 conferti
343 3632 432 3691 vitare
451 3642 589 3710 poterant.
630 3632 744 3692 Tamen
762 3644 803 3692 tot
823 3628 1009 3690 incommodis
1023 3632 1195 3703 conflictati,

210 3705 306 3764 multis
319 3709 482 3769 vulneribus
504 3709 638 3788 acceptis,
659 3712 845 3780 resistebant3
865 3721 895 3767 et
913 3709 1021 3785 magna
1040 3707 1121 3786 parte
1134 3705 1197 3771 diei

210 3788 387 3862 consumpti,
398 3806 486 3862 quum
501 3789 621 3865 aprima
630 3790 695 3847 luce
709 3791 745 3848 sd
759 3792 856 3848 horam
866 3797 996 3846 octavam
1006 3801 1196 3866 pugnaretur,

210 3864 291 3937 nihil,
314 3865 389 3942 quod
410 3865 479 3942 ipsis
500 3878 574 3924 osset
598 3867 757 3943 indignum,
777 3866 1003 3926 committebant.
1050 3867 1128 3926 'lum
1152 3867 1197 3928 Τ.
